3098 4956
657 263 879 328 ...77-

153 439 382 507 commendatus
417 439 462 505 sit
496 461 517 505 a
550 442 663 525 patre,
700 438 876 504 adamasse
912 438 1117 504 meretricem
1152 438 1299 524 exponit,
1334 440 1408 504 tum

151 557 172 602 u.
184 538 220 604 83
241 538 363 625 pergit:

342 635 403 700 ‘Ea
426 634 597 701 seruiebat
618 634 731 700 lenoni
754 634 977 721 inpurissumo

340 732 457 819 Neque
482 731 570 818 quod
593 731 728 798 daretur
752 733 941 819 quicquam:
964 731 997 797 id
1022 734 1178 798 curarant
1201 734 1334 818 patres?

84 910 86 923 Ι
143 829 221 897 Haec
244 852 319 898 cum
343 831 591 910 contulerimus,
624 830 726 897 etiam
749 830 839 896 bunc
870 830 910 896 de
942 851 1006 917 quo
1030 851 1083 895 res
1107 832 1160 896 est
1181 828 1292 895 locum
1315 829 1407 895 simi-

84 926 86 933 ’
141 927 204 995 liter
232 927 537 1015 interpretabimur:
571 928 672 995 Pater
703 949 779 994 cum
812 929 876 994 iter
902 926 1138 1011 ingrederetur,
1173 926 1277 992 filium
1311 946 1408 991 seruo

140 1027 304 1109 commisit,
328 1027 504 1112 pecuniam
519 1025 589 1092 silio
606 1047 675 1092 non
692 1025 791 1110 dedit,
816 1047 859 1092 ne
875 1024 929 1092 ille
946 1024 1034 1091 unde
1054 1024 1199 1110 ineptias
1216 1028 1410 1111 sequeretur

140 1128 191 1190 aut
214 1123 378 1190 stultitias
397 1123 546 1189 haberet.
581 1125 698 1210 Itaque
714 1124 769 1190 ille
786 1127 961 1208 argentum
985 1122 1072 1209 quod
1091 1122 1166 1188 leno
1190 1143 1247 1208 pro
1273 1122 1409 1187 muliere

140 1221 281 1308 poposcit
303 1222 447 1307 pendere
471 1221 596 1308 nequit.
636 1219 730 1301 Quod
751 1242 826 1287 cum
842 1221 1023 1304 aegerrime
1046 1220 1141 1304 ierat,
1164 1221 1233 1285 irae
1257 1218 1410 1301 indulget

140 1340 171 1384 ao
192 1340 263 1384 rem
286 1319 472 1385 enarrando
496 1319 531 1384 in
554 1319 663 1385 maius
686 1318 789 1385 tollit:

344 1414 422 1506 [ἐπεὶ
445 1419 506 1502 γὰρ
529 1414 721 1505 ἐξέπλευσεν]
746 1419 796 1482 ἐπὶ
818 1420 948 1501 πράξεις
969 1419 1054 1489 τινὰς

290 1523 320 1589 5.
345 1521 373 1612 [ὁ
396 1525 499 1609 πατὴρ
527 1526 688 1589 κατέλιπεν
711 1521 823 1612 οΙιίιίαν
847 1508 932 1608 ἐμοὶ.
945 1508 1049 1608 aencis».

236 1622 348 1707 Atque
375 1622 405 1687 ei
428 1623 485 1707 qui
508 1626 694 1708 sequuntur
717 1643 835 1687 uersus
860 1643 935 1688 cum
958 1623 1010 1688 his
1034 1622 1199 1688 artissime
1220 1619 1406 1686 cohaerent.

141 1717 222 1799 Quos
244 1740 364 1785 uersus
388 1718 477 1806 quod
499 1719 596 1786 Blass
620 1718 710 1806 apud
732 1718 912 1786 Britannos
936 1742 966 1806 p.
982 1719 1026 1785 24
1050 1719 1218 1806 suppleuit

774 1815 880 1907 α]ι’πὸς
902 1820 1026 1902 τροφὴν

346 1921 553 2013 [ἐπορισάμην
567 1948 573 1962 ·
585 1925 642 2010 τὴν
663 1922 735 2013 pilo
759 1909 929 2010 drocaqiaic
950 1951 1026 1990 τισιν

345 2029 516 2119 [ἐπέτριψε.
621 2031 687 2098 Leo
718 2035 808 2098 recte
838 2016 1022 2118 reppulit2''
1047 2031 1162 2117 Neque
1202 2051 1281 2096 uero
1321 2028 1410 2115 quod

134 2126 203 2215 ipse
227 2129 360 2216 scripsit
844 2128 950 2219 α]ιἰτὸς
971 2131 1095 2214 τροφὴν

345 2233 503 2325 [παρέχειν
526 2238 676 2320 ἐπέτρεψ’
700 2233 789 2326 ἥμην
813 2221 983 2321 διοικηταῖς
1006 2258 1095 2301 τισιν·

129 2342 351 2430 probauerim.
397 2343 483 2408 Nam
508 2365 565 2409 cur
588 2346 692 2419 αὐτός,
717 2342 805 2430 quod
821 2365 888 2409 non
906 2327 1107 2429 expectetur,
1129 2340 1273 2408 addatur
1287 2340 1411 2423 nescio,

131 2443 166 2507 et
187 2441 312 2525 τροφὴν
335 2444 484 2525 παρέχειν
507 2462 588 2506 num
612 2440 652 2508 de
677 2441 962 2528 dispensatoribus
994 2441 1076 2506 satis
1107 2443 1185 2525 apte
1218 2437 1343 2505 dictum
1367 2439 1410 2504 sit

131 2539 258 2605 dubito.
303 2537 389 2604 Nam
414 2559 627 2604 cumeorum
657 2540 783 2604 mentio
806 2540 876 2622 fiat,
907 2538 943 2603 in
975 2539 1087 2624 primis
1119 2536 1159 2602 de
1190 2558 1224 2603 re
1255 2535 1410 2602 familiari

133 2639 235 2722 atque
247 2636 390 2721 pecunia
402 2635 466 2702 dici
479 2637 718 2723 expectaueris,
732 2639 781 2703 ita
792 2635 936 2702 fortasse
950 2638 990 2701 ut
1001 2634 1198 2701 adulescens
1211 2633 1409 2716 indignetur,

132 2734 221 2822 quod
244 2737 340 2820 pater
362 2734 538 2820 pecuniam
560 2756 628 2800 non
652 2736 716 2801 sibi
735 2733 872 2800 sediliis
888 2731 1188 2800 administrandam
1204 2733 1411 2798 commiserit.

132 2834 202 2898 lam
217 2832 253 2898 iu
270 2832 425 2898 omnibus
444 2832 513 2898 fere
530 2832 706 2898 comoediis
724 2832 956 2899 adulescentes
972 2831 1030 2918 qui
1045 2831 1085 2897 de
1101 2831 1244 2918 pecunia
1258 2829 1412 2896 laborent

133 2951 305 2996 seruorum
322 2928 405 2995 dolis
423 2951 462 2996 ac
476 2930 617 2997 fallaciis
633 2930 850 3018 adiuuantur3
875 2952 941 3018 qua
961 2931 1002 2996 de
1018 2951 1053 2995 re
1069 2931 1123 2996 hic
1138 2950 1270 3017 quoque
1287 2928 1413 2994 dictum

134 3048 207 3095 esse
233 3028 301 3093 ueri
325 3030 379 3093 est
406 3027 616 3094 simillimum.
663 3031 773 3116 Atque
806 3051 881 3095 cum
904 3032 976 3094 toto
1000 3028 1063 3094 hoc
1092 3027 1164 3094 loco
1189 3027 1324 3114 quantis
1349 3047 1411 3091 an-

134 3125 253 3210 gustiis
277 3128 447 3212 prematur
470 3126 667 3192 adulescens
692 3131 873 3210 enarretur,
898 3146 1051 3191 necnon
1066 3128 1235 3209 παιδάριον
1258 3123 1411 3190 deminu-

133 3224 207 3289 tiua
229 3245 316 3309 quae
340 3228 481 3289 uocatur
496 3224 613 3307 forma,
639 3245 724 3310 quae
741 3222 865 3311 aliquid
882 3224 1138 3308 contemptionis
1155 3223 1278 3288 habere
1294 3220 1411 3287 uidea-

133 3323 188 3386 tur
220 3320 259 3387 cf.
283 3321 368 3386 Meu.
399 3321 436 3386 fr.
453 3322 558 3404 577,3
575 3322 613 3387 K.
647 3321 727 3387 OAF
750 3321 794 3386 ΠΙ
824 3345 854 3409 p.
874 3321 935 3388 176
966 3326 986 3406 ἢ
1017 3323 1214 3385 παντάπασιν
1240 3322 1412 3403 παιδαρίου

134 3423 266 3503 γνώμην
290 3422 352 3502 ἔχει
376 3417 426 3502 el,
452 3421 546 3486 extet
568 3420 699 3506 scripta,
723 3421 773 3485 ita
794 3420 937 3486 fortasse
960 3439 1013 3484 res
1033 3419 1119 3484 inter
1135 3439 1170 3484 se
1187 3418 1316 3483 conecti
1331 3415 1412 3482 mihi

133 3516 294 3602 persuasi,
311 3518 351 3581 ut
366 3515 563 3583 adulescens
578 3520 708 3603 patrem
723 3521 854 3604 praeter
869 3520 1116 3604 praeceptorem
1127 3555 1171 3564 —
1184 3517 1278 3582 cuius
1290 3535 1412 3580 nomen

133 3616 266 3699 poterat
288 3613 452 3679 nominari
467 3654 510 3662 —
526 3615 589 3681 sibi
612 3638 680 3681 non
703 3617 768 3681 nisi
783 3617 950 3682 seruolum
966 3615 1133 3702 quendam
1150 3613 1299 3680 dolorum
1313 3611 1413 3699 plane

133 3712 313 3798 inperitum
347 3711 519 3797 reliquisse
556 3713 721 3798 explanet.
775 3713 866 3793 Quae
899 3735 973 3779 cum
1003 3715 1053 3778 ita
1083 3713 1159 3795 sint,
1194 3713 1240 3777 sic
1269 3711 1412 3776 forsitan

134 3808 341 3896 suppleueris
365 3831 419 3874 uu.
436 3813 456 3876 5
473 3831 542 3896 sqq.

727 3901 889 3965 κατέλιπεν
912 3897 1025 3987 clinico
1049 3902 1119 3983 ἐμοὶ
1142 3901 1238 3983 κενὴν

349 3993 413 4084 [καὶ
435 3998 549 4061 Κίλικα
572 3999 626 4060 καὶ
647 3994 693 4085 τὸ]
716 3999 913 4080 παιδάριονῙ)
939 3995 1051 4086 [tobim
1074 3999 1217 4082 στροφὴν

350 4100 423 4190 [οὐκ
447 4106 540 4179 εἶδός,
569 4101 693 4191 οὐσία]ν
716 4107 885 4187 διοικηταῖς
907 4129 990 4170 τισιν.
1085 4089 1090 4099 ’

136 4211 247 4294 Atque
271 4230 338 4274 uox
361 4214 483 4294 στροφή
508 4210 548 4276 de
572 4210 689 4276 fraude
714 4211 832 4277 dicitur
854 4194 1224 4296 Aristoph.Eccl.1026

350 4310 511 4392 ἐξωμοσία
536 4312 569 4373 δ’
594 4311 654 4373 οὐκ
678 4306 880 4396 dorcmssod
904 4310 965 4392 γὰρ
990 4311 1039 4373 δεῖ
1058 4317 1206 4392 στροφῆς.

136 4403 175 4469 oi.
199 4402 320 4470 Pollux
336 4403 455 4470 ΙΧ132
497 4408 625 4492 Ἀπάτη,
650 4409 797 4491 ἐξαπάτῃ,
821 4410 952 4491 στροφή.

243 4545 263 4615 ¹)
283 4545 318 4601 of.
331 4547 389 4601 Leo
408 4562 435 4616 p.
449 4545 502 4600 682
519 4546 583 4601 adn.
597 4545 627 4602 4:
646 4545 718 4602 ‘Das
736 4542 879 4616 παιδάριον
896 4548 935 4602 ist
947 4547 1090 4603 entweder
1102 4548 1177 4602 noch
1189 4547 1241 4603 auf
1253 4549 1302 4603 der
1314 4548 1415 4602 Brihne

135 4626 204 4681 oder
223 4626 275 4680 hat
294 4627 365 4681 eben
384 4626 435 4682 das
454 4627 584 4682 Geschirr
600 4626 645 4682 ins
662 4628 740 4682 Heus
758 4625 912 4698 getragen.³
