3098 4956
665 260 887 327 ..61-

165 459 187 524 p.
201 438 251 504 109
261 461 305 525 sq.
341 462 382 506 ea
416 440 486 505 iure
521 459 561 504 ao
595 438 712 504 merito
748 437 910 520 adhibuit,
946 460 1032 524 quae
1065 439 1153 525 apud
1185 439 1416 507 Philodemum

165 536 260 622 scripta
292 535 445 602 uidemus
484 534 525 601 de
563 536 692 602 musica
726 536 785 601 eol.
817 534 879 601 XV
895 535 931 601 11
963 560 993 623 p.
1019 537 1062 602 80
1101 537 1229 602 Kemke
1264 541 1417 624 καθάπερ

164 636 219 700 οὐδὲ
236 637 427 718 Μένανδρον
449 632 646 722 πο[ν]ηρ[ὸν]
678 637 870 718 ὑπέκκαυμα
900 633 1060 723 πολλο[ῖ]ς
1087 637 1184 718 αὐτὴν
1207 637 1336 718 λέγοντα
1359 644 1416 701 τῶι

164 733 258 798 διδόναι
278 735 363 805 τινας
387 735 548 816 ἀφορμάς.
595 729 661 797 Sed
693 731 780 817 quod
813 731 950 797 alterius
981 753 1099 797 uersus
1122 733 1263 817 priorem
1285 740 1417 817 partem

162 831 255 896 διδοῦσ’
278 831 432 914 ἀφορμὰς
461 829 567 895 fuisse
599 829 763 915 opinatur,
795 829 979 896 Philodami
1006 830 1110 896 uerba
1141 834 1202 896 aut
1231 852 1300 896 non
1331 831 1416 896 satis

161 931 288 995 arcuato
313 928 463 994 excussit
485 929 547 994 aut
569 927 648 1013 quid
672 927 736 993 sibi
751 927 877 994 uellent
900 948 967 993 non
983 930 1159 1014 perspexit.
1201 928 1288 993 Nam
1312 929 1415 994 uelim

160 1028 285 1093 muleras
318 1047 406 1113 quae
437 1024 643 1091 antecedunt
674 1026 732 1091 eol.
748 1025 842 1090 XVI
875 1047 904 1111 p.
926 1026 969 1090 80
996 1026 1125 1091 Kemke
1157 1029 1211 1091 καὶ
1240 1028 1307 1110 μὴν
1340 1029 1416 1092 οὐδὲ

158 1126 397 1208 παραμυθεῖσθαι
421 1126 549 1189 δύναται
579 1125 718 1208 μουσικὴ
741 1125 796 1194 τὰς
819 1126 853 1188 ἐν
876 1127 969 1206 ἔρωτι
997 1125 1200 1207 δυσπραξίας,
1231 1126 1328 1206 λόγου
1353 1126 1416 1208 γὰρ

157 1223 237 1303 μόνου
248 1225 283 1288 τὸ
294 1229 446 1297 τοωῦτον,
455 1223 521 1286 ἀλλ’
531 1223 756 1306 ἀνεπιβλήτους
770 1229 856 1285 ποιεῖ
866 1228 1052 1305 περισπῶσα
1064 1224 1214 1304 καθάπερ
1223 1225 1409 1306 ἀφροδείσια

158 1321 197 1384 καί
213 1323 317 1405 μέδη
340 1322 491 1404 ποήματα
515 1322 544 1385 δ’
568 1322 598 1384 εἰ
626 1327 828 1403 προαιρεῖται,
864 1321 1043 1401 ocdoadae
1078 1321 1132 1384 καί
1171 1321 1349 1395 Φιλόξενον,
1388 1323 1418 1385 εἰ

156 1423 219 1482 τοῦτ’
240 1420 413 1503 ἠινίττετοέδ
436 1419 483 1502 μὴ
500 1421 613 1489 τελέως
628 1419 807 1494 ψεύδεσθαι
826 1420 975 1502 καθάπερ
1000 1419 1075 1483 οὐδὲ
1090 1419 1283 1501 Μένανδρον
1307 1439 1334 1483 e.
1347 1439 1375 1502 q.
1388 1440 1414 1483 S.

156 1513 200 1579 ‘Ae
218 1537 259 1582 ne
275 1515 441 1582 consolari
457 1513 590 1603 quidem
605 1516 719 1601 potest
738 1516 876 1598 musica,
890 1515 1046 1601 quotiens
1062 1514 1187 1601 aliquid
1203 1515 1283 1581 mali
1295 1515 1415 1581 accidit

155 1609 295 1680 inamore
309 1652 340 1660 -
350 1613 509 1678 namhoc
524 1612 627 1679 solius
644 1616 697 1678 est
712 1613 873 1678 sermonis
886 1612 983 1678 -sed
998 1612 1106 1678 lassos
1114 1616 1135 1695 ³)
1152 1612 1260 1679 reddit
1276 1615 1415 1697 animos

154 1753 348 1768 Qn-

242 1845 261 1912 1)
281 1839 411 1896 διδόσθω
430 1844 492 1899 cod.
511 1844 548 1898 cf.
568 1843 686 1898 Ordnert
704 1845 721 1898 l.
735 1860 758 1899 s.
777 1861 803 1915 p.
816 1844 859 1898 44.

239 1925 258 1993 ⁹)
277 1923 395 1990 ἢνίττετο
415 1926 476 1980 cod.

239 2006 258 2074 ³)
278 2005 446 2060 uocabulum
474 2001 645 2074 ἀνατίβλητος
672 2003 727 2060 hoc
755 2005 819 2059 loeo
848 2009 968 2075 excepto
996 2022 1053 2059 non
1080 2005 1226 2074 legebatur
1257 2005 1309 2058 nisi
1338 2005 1414 2075 apud

149 2076 317 2139 lamblichum
334 2085 425 2140 Protr.
444 2085 508 2139 XXI
526 2086 616 2155 symb.
635 2084 671 2138 26
689 2101 716 2155 p.
731 2084 830 2149 153,31
858 2085 991 2139 editionis
1018 2084 1123 2139 Arcerii
1149 2085 1330 2146 Theodoreti.
1359 2101 1414 2155 quo

104 2225 108 2242 ι
148 2160 229 2219 tanen
254 2164 317 2219 loco
345 2182 420 2219 nunc
449 2164 571 2219 editores
599 2165 769 2234 optimorum
797 2165 925 2220 codicum
952 2165 1101 2219 lectionem
1120 2165 1211 2219 secuti
1229 2162 1417 2235 ἀμεταβλητως

145 2245 258 2300 annunt
275 2261 302 2316 p.
318 2243 376 2309 121,
387 2245 420 2298 21
440 2243 557 2299 Pistelli.
596 2245 695 2316 ltaque
713 2249 747 2299 ut
766 2245 900 2316 quidhoc
922 2246 1092 2299 uocabulum
1110 2245 1253 2314 significet
1272 2245 1414 2300 discamus

144 2319 223 2379 heere
242 2341 301 2379 non
321 2341 479 2396 possumus,
500 2325 566 2395 quio
585 2324 660 2379 unde
679 2325 814 2394 originem
833 2326 919 2379 ducat
938 2341 1113 2396 quaeramus.
1152 2325 1191 2379 Ac
1211 2325 1414 2396 cumprimum

142 2404 272 2472 syllabam
298 2423 316 2456 α
345 2405 420 2475 quod
448 2409 553 2459 uocant
584 2405 754 2475 priuatiuum
781 2422 842 2459 esse
869 2421 942 2458 unus
970 2405 1086 2474 quisque
1114 2404 1218 2469 uideat,
1246 2404 1415 2458 uocabulum

140 2478 306 2554 ἀνυτίβλητοτ
325 2485 359 2539 de
377 2500 448 2540 uoce
467 2482 604 2554 ἐπίβλητος
623 2485 780 2539 deriuatum
803 2501 863 2538 esse
882 2485 1007 2555 adparet.
1046 2486 1123 2552 Quae
1142 2500 1199 2539 uox
1215 2501 1273 2538 non
1295 2486 1415 2540 occurrit

138 2564 183 2621 nisi
202 2568 232 2619 in
251 2565 435 2636 inscriptione
448 2565 646 2634 Dittenberger
665 2565 779 2636 Sylloge
798 2583 824 2619 n.
838 2564 891 2618 587
911 2566 927 2619 l.
943 2564 1001 2628 193,
1022 2565 1069 2618 ubi
1090 2564 1174 2618 locali
1187 2565 1310 2634 quodam
1329 2581 1413 2618 sensu

139 2647 177 2715 qni
197 2646 235 2701 ad
256 2645 332 2699 hunc
351 2646 442 2700 locum
461 2662 519 2699 non
537 2646 661 2715 pertinet
679 2648 838 2715 usurpatur,
859 2649 888 2699 et
907 2644 997 2699 Gloss
1011 2645 1108 2714 Steph.
1128 2644 1196 2698 OGL
1215 2643 1251 2697 Ill
1270 2661 1297 2714 p.
1309 2643 1414 2708 45l‚42

137 2722 203 2781 uotz
212 2724 365 2780 ‘indictum
375 2721 527 2793 ἐπίβλητον’
538 2725 612 2780 etib.
622 2725 657 2780 43
670 2724 790 2780 ‘indicta
799 2722 1000 2794 ἐπιβληθέντα.
1019 2724 1099 2778 Unde
1109 2723 1311 2778 adPhilodemi
1320 2725 1414 2778 locum

134 2801 374 2876 interpretandum
392 2804 462 2859 nihil
480 2805 569 2875 repeti
588 2822 672 2876 posse
698 2805 780 2860 ualde
799 2805 950 2859 dolendum
969 2808 1021 2859 est.
1057 2805 1129 2858 Nam
1150 2803 1312 2869 indictum,
1339 2803 1414 2874 quod

134 2886 302 2942 uocabulum
330 2888 467 2956 quantum
494 2886 577 2940 uideo
606 2890 673 2941 ante
693 2886 894 2957 Symmachum
912 2902 1053 2956 nusquam
1076 2886 1226 2949 inuenitur,
1255 2885 1328 2940 idem
1354 2885 1414 2939 fere

133 2968 206 3021 ualet
216 2982 253 3020 ae
262 2963 415 3020 ‘tributum’
435 2965 471 3020 ci.
485 2967 560 3036 Sym.
574 2965 624 3036 hp.
637 2966 663 3020 X
680 2965 713 3020 41
734 2967 809 3022 Mon.
823 2967 914 3020 Germ.
929 2965 996 3020 hist.
1010 2968 1086 3020 auct.
1105 2972 1164 3020 ant.
1184 2965 1245 3020 Vll
1267 2983 1293 3036 p.
1307 2965 1369 3030 302,
1378 2965 1414 3019 26

132 3041 243 3101 ‘dehinc
270 3050 421 3115 percontor
449 3045 510 3116 quis
538 3062 648 3099 annuas
675 3047 835 3100 functiones
853 3053 905 3101 out
928 3046 1037 3100 indicta
1055 3044 1228 3116 persoluerit'
1248 3049 1278 3099 et
1295 3047 1413 3099 uerbum

131 3121 283 3195 ἐπιβάλλειν
300 3125 328 3177 in
348 3124 454 3178 Graeco
481 3141 610 3179 sermone
636 3125 670 3179 de
688 3126 801 3179 tributis
830 3124 1006 3194 imponendis
1026 3129 1177 3194 usurpatur
1197 3125 1234 3178 ef.
1253 3126 1341 3178 Her.l
1362 3125 1415 3179 106

130 3209 205 3277 χωρὶς
223 3201 342 3274 μὲνγὰρ
370 3202 455 3274 φόρον
481 3203 612 3276 ἔπρησσον
629 3203 694 3275 παρ’
714 3203 829 3256 ἑκάστων
851 3203 883 3256 τὸ
903 3202 1033 3256 ἑκάστοισι
1058 3201 1210 3274 ἐπέβαλλον.
1248 3205 1308 3259 lam
1327 3205 1413 3273 igitur

130 3287 165 3341 ad
184 3302 237 3340 eos
255 3285 332 3338 locos
351 3288 528 3339 transeamus
548 3286 647 3355 quibus
666 3286 769 3354 legitur
781 3282 959 3354 ἐπιβλητικῶς,
979 3284 1057 3350 Quae
1070 3284 1162 3338 forma
1180 3285 1222 3338 ita
1234 3285 1412 3354 potissimum

130 3366 291 3426 adhibetur.
310 3367 344 3419 ut
363 3382 426 3420 curn
446 3366 637 3434 cognoscendi
655 3365 796 3420 sentiendi
810 3365 970 3419 declarandi
988 3365 1081 3419 uerbis
1101 3365 1300 3433 coniungatur;
1320 3380 1412 3434 neque

130 3446 246 3500 omnino
276 3447 343 3499 ante
362 3445 512 3515 Epicurum
541 3446 670 3512 occurrit,
700 3446 748 3516 qui
776 3446 889 3515 Epistl
908 3463 933 3516 p.
950 3444 1018 3511 12st
1038 3445 1144 3499 Usener
1172 3445 1244 3499 haec
1273 3445 1340 3499 dicit
1367 3447 1412 3495 καὶ

129 3524 204 3592 ιη’νόίν
223 3521 345 3594 λάβωμεν
366 3525 514 3592 φαντασίαν
538 3522 709 3594 ἐπιβλητικῶς
726 3533 769 3593 τῆι
788 3522 901 3578 διανοίαι
927 3524 1016 3591 ἢτοῒς
1035 3525 1218 3595 αἰσθητηρίοις
1241 3523 1293 3577 εἴτε
1310 3531 1412 3595 μορφῆς

129 3605 180 3658 εἴτε
194 3602 401 3673 συμβεβηκότων,
420 3602 511 3674 μορφή
529 3603 599 3657 ἐστιν
612 3606 677 3672 αὕτη
694 3614 742 3658 τοῦ
761 3608 917 3677 στερεμνίου,
936 3607 1059 3676 γινομένη
1072 3603 1141 3657 κατὰ
1158 3603 1189 3656 τὸ
1209 3603 1267 3671 ἑξῆς
1284 3604 1413 3671 πύκνωμα

129 3684 146 3750 ἢ
165 3680 364 3755 ἐγκατάλειμμα
382 3689 430 3736 τοῦ
448 3680 562 3738 εἰδώλου.
580 3684 612 3737 τὸ
632 3682 660 3737 δὲ
678 3683 772 3755 ψεῦδος
796 3686 890 3739 καὶτὸ
910 3683 1120 3757 διημαρτημένον
1139 3703 1162 3741 e.
1176 3703 1202 3757 q.
1216 3703 1238 3740 s.
1275 3684 1412 3756 Aequod

131 3765 294 3836 Stephanus
312 3765 396 3819 Thes
410 3766 455 3818 Gr.
469 3765 500 3820 L.
520 3781 541 3819 s.
560 3783 587 3820 u.
608 3762 778 3835 ἐπιβλητικῶς
805 3768 1006 3837 interpretatur
1029 3765 1074 3821 ‘ab
1102 3763 1254 3836 ἐπιβάλλειν
1281 3767 1355 3819 dicto
1376 3765 1411 3819 de

130 3848 226 3899 mente
244 3845 273 3898 in
283 3844 408 3915 aliquam
417 3844 621 3913 cogitationem
639 3846 835 3912 incumbente,
854 3848 920 3900 inde
939 3847 1014 3917 quod
1034 3847 1089 3901 hoc
1106 3847 1217 3916 Epicuri
1235 3847 1298 3901 loco
1318 3845 1412 3899 uerbis

130 3924 161 3977 τὸ
174 3921 203 3977 δὲ
213 3920 309 3995 ψεῦδος
326 3927 371 3976 καλ
388 3922 420 3976 τὸ
440 3920 651 3995 διημαρτημένον
663 3927 813 3996 opponitur
831 3924 862 3991 ἣν
875 3930 908 3978 ἂν
923 3923 1045 3996 λάβωμεν
1064 3928 1212 3994 φαντασίαν
1231 3923 1410 3996 ἐπιβλητικῶς,

131 4005 283 4060 concludes
302 4001 473 4073 ἐπιβλητικῶς
485 4022 543 4059 non
561 4005 646 4059 modo
661 4004 695 4059 de
708 4022 742 4059 eo
756 4005 809 4059 dici
824 4007 870 4076 qui
880 4004 1014 4060 ‘animum
1027 4007 1055 4060 in
1066 4008 1189 4077 aliquam
1203 4023 1261 4060 rem
1280 4004 1412 4061 intendit'

132 4086 181 4140 sed
205 4086 234 4138 in
260 4083 356 4155 primis
380 4084 414 4138 de
438 4101 472 4139 eo
498 4086 544 4156 qui
568 4083 726 4154 ‘diligenter
751 4091 837 4156 atque
862 4089 992 4139 accurate
1017 4087 1045 4139 in
1068 4086 1191 4156 aliquam
1209 4102 1268 4140 rem
1287 4088 1411 4140 animum

131 4164 254 4220 intendit
271 4165 313 4218 ita
331 4169 364 4218 ut
382 4166 495 4220 omnino
515 4182 578 4219 enm
597 4169 674 4221 recte
693 4164 865 4235 cognoseat.
895 4165 953 4219 Nec
972 4183 1029 4218 non
1049 4167 1168 4221 eandem
1181 4167 1238 4220 uim
1252 4167 1341 4220 habet
1352 4181 1410 4219 uox

132 4242 303 4315 ἐπιβλητικῶς
320 4245 416 4299 loann.
435 4245 546 4315 Philop.
564 4246 593 4300 in
613 4245 728 4300 Aristot.
747 4244 792 4300 ‘de
810 4244 913 4300 anima'
932 4246 1001 4299 1116
1020 4245 1125 4300 Comm.
1143 4247 1170 4299 in
1188 4245 1235 4301 Ar.
1249 4246 1346 4301 Graec.
1359 4246 1412 4300 XV

132 4342 157 4396 p.
169 4325 260 4391 ὅ47,8
278 4323 416 4395 Huyduck
434 4328 479 4375 καὶ
496 4331 582 4377 ταῦτα
599 4323 649 4393 μὲν
667 4325 681 4377 ὃ
699 4323 824 4396 ἡμέτερος
841 4330 900 4381 νοῦς
918 4325 1088 4393 ἀποφατικῶς
1100 4321 1176 4388 οἶδεν,
1197 4322 1254 4377 ὁδί
1265 4326 1339 4381 θεῖος
1351 4331 1412 4381 νοῦς

131 4406 219 4458 πάντα
237 4408 424 4472 καταφατικῶς
441 4408 486 4456 καὶ
505 4402 675 4475 ἐπιβλητικῶς
687 4401 757 4458 οἶδεν
768 4410 845 4476 χωρὶς
861 4412 909 4458 τοῦ
925 4411 1013 4461 κακοῦ.
1039 4406 1115 4460 idem
1126 4407 1155 4459 in
1167 4406 1215 4462 Ar.
1227 4407 1315 4477 Phys.
1328 4406 1366 4459 IV
1376 4405 1410 4459 12

132 4486 284 4543 commin
303 4487 348 4539 Ar.
369 4486 415 4540 Gr.
432 4485 510 4539 XVII
528 4503 555 4556 p.
568 4486 629 4551 754,
643 4487 675 4540 15
694 4486 788 4540 Vitelli
813 4486 846 4542 cis
869 4484 919 4556 γὰρ
943 4488 981 4553 μὴ
1006 4483 1164 4554 ἐφαρμόζων
1186 4486 1269 4557 κρίνει
1287 4487 1332 4537 οὐκ
1351 4482 1411 4536 ἐπι-

131 4565 257 4637 βλητικῶς
281 4560 340 4617 οὐδὲ
363 4570 550 4633 καταφατικῶς
574 4562 632 4617 ἀλλ’
650 4566 793 4635 ἀρνητικῶς
819 4570 864 4618 καὶ
892 4566 1070 4635 ἀποφατικῶτ.
1095 4567 1131 4620 id.
1150 4567 1180 4621 in
1199 4568 1245 4622 Ar.
1264 4565 1351 4637 Phys.
1370 4564 1412 4619 19
