3098 4956
670 245 892 312 -73-

152 444 197 488 uu.
213 424 254 488 55
271 443 340 509 sqq.
363 420 486 507 Diphili
508 421 661 488 fabulam
685 443 770 508 quae
798 424 911 508 Γάμος
933 424 1119 490 uocabatur
1135 424 1313 491 manifeste
1337 429 1416 492 ante

146 521 250 586 oculos
281 518 402 586 habuit
425 520 462 586 cf.
487 541 589 606 supra
604 541 634 605 p.
650 520 701 586 71.
739 519 807 586 Sed
831 520 872 586 ad
903 522 977 608 ipsa
1008 543 1158 608 eaquae
1190 525 1270 587 sunt
1291 524 1417 589 tradita

142 616 389 704 interpretanda
423 616 630 684 accedamus
681 619 729 684 Ao
763 640 819 683 uu.
842 619 885 685 89
910 640 978 706 sqq.
1012 617 1169 685 lenonem
1202 622 1417 705 pronuntiare

141 717 278 798 agnouit
301 715 380 799 Leo,
412 736 470 780 eos
503 715 560 802 qui
590 715 795 782 antecedunt
827 716 969 782 alterum
997 715 1172 803 quendam.
1220 718 1282 798 Qui
1305 721 1418 804 potest

141 835 213 880 esse
229 834 362 896 seruus3
380 813 438 878 sed
451 834 526 879 cum
539 813 628 899 apud
642 812 810 900 Diphilum
823 813 873 897 (cl.
888 814 996 881 Plaut.
1012 813 1096 882 Rud.
1112 816 1155 881 49
1172 820 1251 901 sqq.)
1264 815 1418 882 lenonem

135 911 272 978 consilio
297 911 437 976 adiuuet
458 910 580 997 hospes
604 910 748 998 quidam,
772 912 836 977 hoo
860 934 991 999 quoque
1017 914 1052 977 in
1075 913 1148 979 loco
1173 912 1339 999 hospitem
1362 914 1418 978 uel

135 1011 282 1074 amicum
305 1029 382 1074 cum
404 1008 523 1074 lenone
548 1008 702 1095 conloqui
733 1012 882 1076 statuere
914 1011 1035 1076 malim.
1083 1009 1146 1090 Qui
1175 1010 1298 1097 hospes
1330 1033 1416 1098 quae

134 1106 215 1173 dicit
238 1128 294 1172 uu.
315 1107 358 1172 84
380 1127 459 1192 sqq,
492 1128 533 1172 ea
564 1107 707 1172 fortasse
739 1109 786 1173 sic
812 1107 1118 1194 interpretabimur:
1151 1107 1329 1194 ‘Profectq
1363 1109 1417 1174 hic

133 1204 191 1271 uel
213 1207 263 1285 tu,
288 1204 317 1269 si
340 1202 426 1270 sides
450 1204 511 1270 tibi
534 1203 713 1271 habebitur
746 1226 808 1271 nec
839 1206 1020 1293 quidquam
1052 1227 1276 1293 eorumquae
1301 1209 1418 1272 contra

132 1323 211 1369 eum
227 1303 310 1368 facis
326 1300 437 1368 facere
460 1303 554 1367 uisus
571 1303 644 1385 eris,
661 1302 767 1368 habes
789 1303 881 1369 illum
906 1324 1059 1369 securum
1082 1343 1126 1350 -
1142 1343 1185 1350 —
1200 1342 1245 1351 -
1268 1305 1296 1369 si
1312 1304 1415 1387 uoles

132 1401 249 1467 omnia
272 1399 333 1466 abs
360 1403 395 1465 te
416 1403 590 1482 gerentur?
601 1403 624 1483 1)
677 1402 725 1466 Ac
748 1422 865 1466 uocem
888 1404 1069 1485 ἀφύλακτος
1091 1401 1179 1467 idem
1211 1423 1284 1467 esse
1317 1423 1416 1487 posse

133 1520 175 1564 ac
206 1502 375 1564 ‘securus’
407 1518 586 1579 cognosces
618 1519 660 1564 ex
691 1499 827 1564 Aristot.
855 1499 937 1565 rhet.
958 1501 1027 1564 112
1050 1521 1080 1585 p.
1103 1499 1220 1565 1372a
1242 1500 1283 1565 18
1306 1503 1337 1565 οἱ
1358 1502 1417 1584 μὲν

132 1599 196 1681 γὰρ
231 1598 317 1680 φίλοι
352 1599 526 1680 ἀφύλακτοι
556 1597 639 1680 πρὸς
668 1598 704 1661 τὸ
736 1600 913 1663 ἀδικεῖσθαι
935 1597 1020 1665 Plat.
1035 1596 1131 1663 Polit.
1155 1619 1184 1683 p.
1201 1597 1303 1665 274ss
1328 1600 1417 1663 αὐτοὶ

132 1697 170 1760 δὲ
194 1697 338 1766 ἀσθενεῖς
361 1697 532 1777 ἄνθρωποι
555 1696 608 1759 καὶ
632 1697 807 1778 ἀφύλακτοι
830 1698 992 1779 γεγονότες
1017 1698 1236 1781 διηρπάζσντο.
1274 1695 1345 1762 Nec
1376 1694 1416 1761 de

131 1813 256 1878 quon.
280 1791 324 1857 86
348 1795 426 1875 ἔχεις
451 1793 506 1857 τὸν
530 1795 620 1876 ἄνδρ’
646 1795 828 1875 ἀφύλακτον
861 1792 998 1876 dicatur,
1021 1796 1134 1879 potest
1165 1815 1238 1858 esse
1271 1792 1416 1859 dubium.

131 1889 216 1955 Dum
241 1889 331 1955 enim
353 1887 428 1956 leno
452 1890 549 1956 alteri
573 1891 715 1956 amatori
738 1891 944 1957 meretricem
961 1890 1105 1957 uendere
1128 1891 1293 1973 iubeatur,
1318 1912 1418 1977 quem
1504 1925 1506 1929 ·

130 1987 251 2053 fallere
276 1990 378 2074 atque
403 1987 481 2074 quid
505 1991 586 2071 agat
602 1987 708 2053 celare
724 1989 867 2071 iubetur,
891 1990 920 2054 is
936 2011 1004 2055 non
1025 1991 1077 2054 est
1097 1989 1162 2054 nisi
1178 1989 1262 2055 alter
1278 1993 1416 2055 amator.

130 2084 263 2151 Deinde
277 2088 355 2172 post
371 2089 553 2170 ἀφύλακτος
568 2086 604 2151 in
619 2091 712 2152 carta
727 2086 840 2153 littera
851 2089 885 2151 E
898 2090 992 2153 extat
1008 2087 1140 2173 scripta,
1155 2108 1255 2173 quam
1270 2087 1418 2152 litteram

132 2185 276 2270 primam
308 2181 413 2249 tuisse
444 2182 537 2249 uocis
560 2182 748 2273 ἐ[ιτίτροτιος]
772 2183 839 2250 Leo
863 2186 1027 2272 opinatur.
1072 2186 1118 2250 At
1150 2185 1212 2250 hoe
1241 2185 1270 2249 si
1299 2205 1417 2250 uerum

132 2284 234 2364 esset,
266 2281 378 2346 uerbis
402 2284 569 2366 ἐπίτροπος
602 2290 667 2347 τῶν
701 2286 929 2367 πραττομένων
950 2292 1006 2368 τῆς
1030 2286 1130 2355 οἰκίας
1160 2281 1248 2348 idem
1278 2283 1346 2348 lere
1378 2303 1417 2348 ac

132 2401 236 2445 uersu
260 2380 317 2466 qui
348 2380 499 2466 sequitur
529 2381 775 2466 exprimeretur,
806 2403 915 2468 neque
948 2381 1041 2447 ouius
1070 2381 1187 2446 domus
1217 2401 1326 2467 neque
1351 2402 1416 2467 quo

132 2477 234 2544 modo
259 2480 428 2562 ἐπίτροπος
450 2477 527 2544 leno
550 2479 644 2544 fieret
668 2479 801 2544 omnino
825 2477 1081 2560 intellegeretur.
1127 2479 1244 2563 ltaque
1269 2499 1336 2543 non
1365 2482 1417 2544 est

133 2597 192 2642 cur
214 2575 279 2642 hoc
306 2576 575 2663 supplementum
598 2577 834 2643 Britannorum
865 2575 1095 2664 supplemento
1127 2574 1289 2663 ἐλκτοτιος]
1321 2597 1417 2661 prae-

133 2672 294 2758 feramus
331 2674 418 2760 quod
454 2695 590 2740 sensum
626 2676 709 2741 satis
745 2679 862 2760 aptum
896 2675 1068 2761 praebeat:
1103 2675 1179 2740 leno
1215 2673 1243 2738 si
1274 2673 1417 2739 alterum

135 2775 323 2837 amatorem
344 2770 501 2837 fefellerit
532 2774 567 2837 et
598 2773 676 2858 quid
704 2772 809 2837 faciat
833 2772 1000 2857 oelauerit,
1034 2771 1170 2854 efficiet,
1202 2774 1241 2837 ut
1271 2771 1384 2857 procul
1394 2773 1416 2854 q

134 2868 188 2935 ille
221 2870 266 2935 sit
296 2891 318 2935 a
347 2869 447 2935 rebus
479 2891 565 2956 quae
596 2874 755 2953 gerantur
785 2874 820 2937 et
851 2871 894 2937 ab
925 2870 1024 2936 huius
1054 2872 1074 2936 i.
1104 2891 1130 2937 e.
1157 2869 1287 2936 lenonis
1319 2870 1415 2936 domo

137 2969 199 3051 (τῆς
217 2969 336 3049 οἰκίας).
366 2965 432 3032 Sed
455 2967 592 3053 quinam
616 2968 684 3034 sint
706 2968 741 3034 hi
765 2972 932 3035 amatores
957 2970 1135 3055 quaeritur.
1169 2968 1281 3055 Atque
1298 2989 1416 3034 aemu-

136 3064 251 3130 lantur
274 3066 407 3151 saepius
430 3066 517 3131 inter
540 3087 576 3131 se
601 3066 798 3132 adulescens
822 3069 856 3132 et
878 3065 973 3131 miles
1001 3066 1109 3132 ueluti
1139 3066 1175 3131 in
1197 3065 1310 3131 Plauti
1334 3066 1416 3132 Gur-

138 3162 267 3229 culione
299 3162 338 3228 cf.
363 3186 393 3230 u.
415 3164 478 3230 337
501 3186 570 3250 sqq.
602 3167 637 3229 et
667 3166 701 3229 in
724 3163 888 3229 Pseudolo
913 3162 952 3228 cf.
976 3185 1008 3228 u.
1024 3163 1065 3228 51
1090 3184 1158 3249 sqq.
1190 3184 1253 3229 nec
1283 3184 1351 3229 non
1382 3165 1417 3228 in

138 3258 273 3327 Terenti
288 3259 449 3326 Eunucho
466 3263 523 3348 qui
545 3262 617 3348 ipse
633 3260 771 3327 militem
789 3283 830 3326 ex
845 3259 1018 3327 Menandri
1035 3260 1152 3327 Colace
1167 3263 1202 3326 in
1218 3260 1417 3326 Eunuchum

138 3378 235 3424 suam
270 3379 344 3424 sese
378 3360 591 3424 transtulisse
626 3382 657 3425 u.
683 3360 725 3424 30
749 3380 817 3446 sqq.
852 3359 951 3425 testis
980 3361 1040 3424 est.
1087 3357 1150 3438 Qui
1184 3359 1279 3424 miles
1314 3358 1416 3424 etiam

137 3453 173 3521 fr.
189 3456 257 3521 293
272 3455 312 3524 Κ.
336 3455 417 3522 OAF
432 3457 476 3521 lll
497 3479 527 3543 p.
544 3458 586 3523 83
611 3479 797 3524 sermonem
820 3457 949 3524 habens
971 3479 1045 3523 cum
1069 3458 1216 3544 parasito
1240 3456 1415 3522 inducitur.

138 3551 276 3620 Militem
299 3555 400 3636 igitur
423 3556 458 3619 et
481 3555 729 3622 adulescentem
750 3557 806 3642 qui
830 3556 933 3622 collI
964 3577 1040 3622 oum
1071 3576 1168 3622 seruo
1198 3555 1416 3642 conloquatur

138 3651 224 3718 inter
248 3673 283 3718 se
308 3673 382 3718 esse
405 3652 528 3719 riuales
551 3655 621 3719 ucri
645 3657 698 3720 est
721 3654 923 3720 simillimum
940 3656 1042 3741 atque
1059 3657 1254 3737 argumento
1272 3651 1416 3739 quodam

244 3900 263 3968 ¹)
283 3900 317 3955 dc
336 3917 406 3955 uoce
425 3897 622 3967 διοικηθήσεται
642 3901 677 3956 cf.
697 3901 844 3955 Demosth.
858 3902 920 3955 Vlll
931 3901 964 3954 13
982 3919 1009 3971 p.
1022 3901 1090 3965 93‚4
1108 3898 1192 3952 τᾶλλα
1204 3903 1253 3967 μέν
1276 3898 1331 3951 ἐστι
1342 3896 1416 3968 λύγοι

137 3984 181 4032 καὶ
192 3979 345 4050 προφάσεις,
358 3980 504 4047 πράττεται
523 3978 551 4034 δὲ
569 3986 646 4032 τοῦτο
664 3984 710 4032 καὶ
727 3980 954 4044 κατασκευάζεται,
974 3980 1044 4036 ὅπως
1059 3981 1132 4047 ὑμῶν
1143 3979 1192 4047 μὲν
1204 3978 1271 4032 οἴκοι
1283 3977 1415 4047 μενόντων

139 4058 187 4122 ἔξω
201 4056 230 4112 δὲ
241 4057 370 4128 μηδεμιᾶς
388 4061 462 4127 ούσης
479 4064 523 4127 τῆι
540 4058 616 4113 πόλει
630 4057 759 4127 δυνάμεως
770 4058 837 4128 μετὰ
855 4058 976 4127 πλείστης
994 4059 1097 4127 ἡσυχίας
1116 4059 1212 4112 ἅπαντ’
1231 4058 1280 4111 ὅσα
1295 4056 1415 4128 βούλεται

138 4137 270 4196 Φίλιππος
288 4137 454 4208 διοικήσεται.

245 4221 264 4292 ²)
283 4221 325 4276 De
343 4224 481 4278 uocabulo
501 4221 609 4278 ἔκτοπος
627 4223 663 4277 cf.
683 4223 746 4276 Eur.
765 4223 870 4277 Bacch.
884 4221 920 4275 68
932 4237 974 4291 sq.

509 4303 549 4358 τίς
566 4298 645 4372 ὁδῶι,·
663 4303 702 4358 τίς
720 4298 798 4371 theg·
815 4303 854 4358 τίς

509 4379 672 4453 usitidem&
690 4383 798 4438 ἔκτοπος
816 4382 890 4434 ἔστω.

138 4460 225 4532 Soph.
245 4461 312 4517 Oed.
332 4462 389 4516 (iol.
409 4462 462 4516 233
676 4465 706 4514 σύ
724 4458 753 4514 δὲ
770 4465 823 4514 τῶν
842 4456 958 4531 ἑδράνων
974 4457 1055 4512 πάλιν
1073 4459 1182 4515 ἔκτοπος

676 4538 754 4597 αὖθις
772 4542 891 4611 δίφορμοι·
909 4538 972 4598 ἐμᾶς
989 4538 1086 4606 χθονὸς
1104 4540 1208 4612 ἔκθορε.
