3098 4956
658 226 879 290 -18-

660 406 766 486 ὤιμην
789 406 818 468 εἰ
838 405 873 468 τὸ
897 406 1028 488 χρυσίον
1051 406 1143 488 λάβοι

399 504 417 566 ὁ
441 504 553 584 γέρων,
577 503 776 584 θεράπαιναν
800 503 898 573 εὐδὺς
921 504 1144 586 ἠγορασμένην

397 602 502 683 άβραν
525 601 652 664 ἐσεσδαι

130 711 165 774 et
187 706 225 773 fr.
241 706 307 773 438
318 706 357 771 Κ.
383 706 464 772 OAF
487 706 531 772 111
553 728 583 793 p.
604 706 678 773 127:

688 815 791 897 ἅβραν
815 815 875 897 γὰρ
899 815 1141 896 ἀντωνούμενος

398 914 573 995 ἐρωμένην,
598 914 688 995 αὐτῆι
710 913 769 994 μὲν
793 913 833 976 οὐ
855 912 1024 996 παρέδωκ’
1050 915 1140 996 ἐχειν,

399 1011 506 1092 τρέφει
530 1010 564 1073 δὲ
587 1012 695 1093 χωρίς,
720 1011 767 1080 ὡς
790 1010 961 1092 ἐλευθέραν
983 1012 1102 1092 πρέπει.

129 1127 177 1190 Ao
212 1124 252 1190 de
287 1122 387 1189 huius
425 1125 518 1189 uocis
558 1123 802 1207 significatione
841 1124 942 1191 uelim
979 1125 1130 1190 conferas
1165 1126 1272 1212 Etym.
1301 1125 1413 1210 Magn.

128 1223 158 1306 4,
168 1223 211 1287 22
235 1225 331 1307 άβρα;
361 1224 474 1305 ούτεὴ
503 1224 613 1294 ἁπλῶς
640 1224 818 1306 θεράπαινα
848 1226 961 1306 obteri
991 1226 1156 1307 εὔμορφος
1179 1226 1320 1307 λέγεται·
1339 1228 1412 1290 ἀλλ’

128 1322 321 1405 ἡοῖκότριφ;
337 1318 478 1405 Bekker,
492 1319 616 1385 Aneed.
630 1319 833 1406 Gr.1p.322,
846 1319 886 1384 12
902 1322 996 1404 άβρα,
1020 1324 1039 1404 ἡ
1057 1322 1235 1405 σύντροφος
1254 1324 1308 1387 καὶ
1323 1326 1413 1409 παρὰ

129 1427 218 1503 χεῖρα
241 1420 434 1502 deprimamur,
466 1415 587 1482 Suidas
611 1439 635 1483 s,
651 1439 683 1483 ιι.
707 1420 791 1501 άβρα
808 1436 814 1449 ·
832 1421 903 1482 οὔτε
926 1422 946 1502 ἡ
971 1420 1081 1490 ἁπλῶς
1096 1421 1275 1502 θεράπαινα
1296 1425 1368 1486 οὔτε
1392 1426 1411 1506 ἡ

129 1520 295 1600 εὔμορφος
322 1517 501 1599 θεράπαινα
525 1517 652 1600 λέγεται,
685 1517 752 1580 ἀλλ’
779 1518 925 1600 οἰκότριψ
942 1517 1091 1599 γυναικὸς
1107 1518 1188 1601 κόρη
1209 1520 1264 1583 καὶ
1279 1521 1412 1603 ἔντιμος,

129 1618 187 1679 εἴτε
215 1615 379 1697 οἰκογενὴς
410 1616 468 1677 εἴτε
493 1618 548 1697 μή,
595 1612 717 1681 Omnes
751 1617 865 1680 autem
896 1614 1017 1700 quibus
1049 1635 1090 1680 ea
1120 1635 1188 1679 uox
1218 1616 1413 1682 inueniatur

129 1711 220 1777 locos
230 1714 252 1794 1)
278 1731 471 1776 enumerare
494 1710 631 1794 longum
655 1714 719 1778 est:
743 1712 807 1777 hoc
827 1712 911 1777 satis
936 1714 989 1777 est
1004 1733 1261 1779 commemorare
1279 1713 1412 1781 differre

129 1811 215 1875 inter
246 1831 282 1874 se
314 1810 348 1874 et
379 1807 528 1874 codicum
559 1809 740 1894 scripturas
772 1813 807 1876 et
837 1809 1026 1876 sententias
1058 1810 1205 1876 uirorum
1228 1811 1411 1896 doctorum,

130 1907 218 1972 sitne
242 1910 326 1991 ἅβρα
351 1906 562 1972 scribendum
585 1927 629 1972 an
653 1910 746 1993 ἅβρα.
777 1909 827 1974 Ac
849 1928 892 1972 ne
908 1906 974 1974 Leo
992 1908 1105 1993 Meyer
1128 1907 1261 1994 quidem
1285 1909 1412 1991 (Hand-

129 2005 218 2071 bueh
250 2005 278 2070 d.
306 2003 424 2087 griech.
455 2002 663 2091 Etymologie
685 2005 745 2090 lp.
761 2006 834 2088 132>
864 2026 934 2070 rem
966 2004 1121 2072 absoluit.
1174 2007 1290 2092 Neque
1323 2007 1412 2073 enim

130 2101 312 2189 quidquam
348 2104 453 2186 agunt
484 2103 541 2189 qui
571 2102 635 2169 hoc
670 2103 872 2169 uocabulum
909 2103 1132 2190 compluribus
1163 2103 1244 2170 locis
1280 2105 1323 2171 ab
1355 2105 1411 2171 illo

130 2201 259 2286 scriptis
283 2221 366 2266 uoce
390 2198 555 2266 ‘delicata’
580 2201 665 2266 uerti
689 2203 791 2287 atque
815 2202 858 2267 ab
888 2201 1005 2268 eadem
1029 2202 1131 2287 stirpe
1156 2200 1195 2267 de
1219 2224 1287 2288 qua
1310 2206 1413 2288 ἄβρός

130 2297 329 2364 descendere
354 2298 538 2383 opinentur.
577 2297 665 2364 Nam
688 2301 728 2363 ut
750 2301 882 2364 taceam
906 2298 946 2364 de
969 2302 1101 2365 mutato
1126 2304 1280 2366 accentu:
1309 2301 1413 2367 etiam
1451 2348 1455 2356 -

130 2397 157 2461 si
173 2395 314 2461 Plautus
339 2395 395 2461 alii
409 2396 460 2460 ita
474 2396 562 2462 hanc
584 2417 702 2462 uocem
717 2397 929 2482 interpretati
952 2400 1076 2479 essent,
1101 2398 1182 2484 quin
1204 2398 1268 2483 ipsi
1290 2399 1412 2464 iterum

130 2515 200 2560 rem
223 2493 480 2560 deliberaremus
504 2493 614 2561 facere
638 2516 706 2561 non
722 2516 906 2581 possemus,
931 2496 1089 2580 quoniam
1112 2499 1245 2562 ueteres
1268 2497 1331 2562 uiri
1358 2496 1413 2563 uel

130 2591 321 2676 doctissimi,
347 2613 422 2657 cum
447 2590 487 2657 de
511 2614 632 2658 uocum
656 2593 837 2676 originibus
861 2595 1068 2679 quaererent,
1098 2597 1243 2679 quantas
1266 2595 1411 2681 ineptias

129 2690 326 2776 protulerint
348 2711 447 2755 nemo
470 2692 615 2774 nescita
662 2692 708 2756 At
737 2690 814 2756 inde
846 2689 933 2776 quod
964 2689 1128 2757 Henricus
1152 2691 1345 2777 Stephanus
1376 2693 1411 2757 in

129 2787 226 2852 Thes
256 2787 369 2854 Graec.
396 2786 472 2870 ling.
504 2810 529 2853 s.
553 2811 584 2855 u.
616 2792 700 2873 άβρα
723 2792 746 2854 t.
767 2789 814 2854 ll
842 2810 872 2874 p.
892 2789 935 2855 79
966 2789 1168 2854 incertorum
1203 2789 1412 2875 quorundam

129 2886 364 2950 Britannorum
396 2884 505 2951 adfert
536 2889 731 2969 sententias
763 2887 820 2972 qui
851 2887 1035 2952 secundum
1066 2909 1148 2953 suae
1177 2889 1300 2954 aetatis
1333 2909 1411 2955 con-

129 2981 342 3048 suetudinem
365 3003 441 3048 eum
465 2983 532 3050 alia
547 2987 621 3050 tum
635 2983 699 3050 hoc
714 2984 917 3050 uocabulum
933 3006 975 3051 ex
990 2984 1156 3051 Hebraica
1170 2985 1286 3068 lingua
1302 2989 1412 3051 ortum

130 3102 203 3147 esse
227 3083 397 3163 censeant,
422 3086 514 3148 recta
537 3085 622 3148 ratio
647 3104 687 3148 ac
709 3083 768 3148 uia
798 3085 912 3168 potest
936 3085 1097 3166 cognosci.
1144 3083 1218 3164 Qua
1247 3083 1305 3149 uia
1335 3103 1411 3168 pro-

130 3179 233 3262 gressi
252 3178 370 3263 Keller,
394 3179 805 3267 Lat.Volksetymologien
825 3203 855 3267 p.
869 3182 933 3248 196
952 3203 998 3267 sq.
1019 3184 1054 3247 et
1073 3181 1188 3268 Lewy,
1214 3181 1412 3247 Semitische

128 3277 262 3343 Wiirter
292 3279 337 3342 im
366 3275 602 3345 Griechiechen
625 3300 655 3365 p.
673 3280 716 3344 68
740 3283 824 3364 ἅβρα
849 3280 1008 3362 originem
1032 3279 1151 3345 ducere
1176 3301 1197 3345 a
1221 3300 1302 3346 uoce
1327 3282 1412 3344 Ara-

129 3377 238 3441 maica
261 3394 344 3469 ³:30
373 3374 506 3461 docent;
538 3377 626 3442 unde
657 3380 742 3461 ἅβρα
773 3376 984 3442 scribendum
1016 3397 1090 3442 esse
1122 3377 1289 3462 adparere.
1343 3377 1412 3443 Nec

130 3482 305 3567 quisquam
345 3482 445 3549 debet
482 3483 593 3547 mirari
632 3483 720 3569 quod
759 3503 801 3548 ex
838 3482 913 3568 ipsa
947 3484 1048 3549 Asiae
1086 3483 1202 3567 lingua
1240 3505 1412 3550 seruorum

128 3601 345 3646 seruarumue
362 3601 485 3663 genera
502 3582 537 3645 et
552 3581 683 3664 singula
698 3581 865 3667 mancipia
880 3583 1018 3647 nomina
1030 3587 1238 3669 acceperunt,
1252 3583 1412 3668 quoniam

98 3702 100 3708 ’
130 3700 172 3744 ex
195 3680 278 3745 Asia
301 3699 432 3764 semper
455 3698 615 3760 magnum
638 3699 811 3745 seruorum
834 3700 1011 3746 numerum
1033 3681 1069 3745 in
1085 3679 1258 3748 Graeciam
1275 3681 1412 3746 uenisse

130 3778 213 3842 satis
245 3779 389 3857 constat,
422 3776 460 3840 el.
485 3775 774 3861 Birchsensohiitz,
812 3776 923 3844 Besitz
954 3780 1024 3845 und
1048 3778 1184 3849 Erwerb
1215 3780 1261 3844 im
1292 3778 1411 3862 griech.

129 3873 315 3940 Altertume
339 3897 368 3961 p.
388 3874 448 3940 181
467 3895 536 3960 sqq.
561 3873 681 3940 Strabo
700 3875 811 3941 Vll12
834 3898 864 3962 p.
881 3877 946 3943 304
977 3881 1012 3953 ἐξ
1039 3878 1087 3944 ὧν
1118 3880 1178 3963 γὰρ
1207 3881 1369 3961 ἐκομίζετο
1390 3882 1410 3962 ἢ

128 3981 192 4044 τοῖς
216 3976 338 4038 ἔθνεσιν
362 3976 491 4044 ἐκείνοις
521 3975 718 4056 ὁμωνύμους
747 3976 882 4041 ἐκάλουν
904 3978 978 4049 τοὺς
1001 3980 1123 4047 οἰκέτας
1146 3979 1193 4047 ὡς
1216 3977 1328 4041 Λυδὸν
1358 3979 1412 4041 καὶ

129 4071 240 4155 Σύρον
271 4092 296 4137 e.
321 4092 350 4158 q.
376 4093 399 4137 s.
430 4070 597 4158 Hermipp.
622 4070 660 4138 fr.
682 4072 796 4156 63,18
816 4073 856 4141 K.
881 4072 992 4139 GAFI
1014 4096 1043 4159 p.
1065 4074 1130 4139 243
1161 4075 1343 4157 ἀνδράποδ’
1375 4077 1412 4139 ἐκ

134 4169 282 4252 Φρυγίας.
321 4169 435 4255 Ipsum
451 4173 566 4236 autem
581 4191 704 4236 nomen
718 4172 829 4254 Σύρος
846 4171 933 4257 quod
950 4171 1071 4238 Strabo
1091 4172 1110 4236 l.
1127 4193 1151 4236 s.
1173 4175 1412 4239 commemorat

129 4265 194 4333 hac
215 4267 251 4332 in
273 4266 391 4334 fabula
412 4291 445 4335 u.
461 4269 504 4334 39
527 4268 656 4353 legitur,
685 4289 747 4335 nec
775 4289 844 4334 non
859 4271 993 4334 Dauum
1021 4270 1077 4355 qui
1102 4291 1133 4335 u.
1153 4269 1196 4336 32
1219 4272 1412 4336 nominatur

238 4454 256 4525 ¹)
277 4456 343 4511 Fuit
362 4457 447 4511 etiam
466 4455 617 4510 Nicostrati
636 4454 734 4510 fabula
745 4454 833 4531 Ἅβρᾳ
851 4455 958 4510 caru
976 4474 1003 4528 p.
1016 4455 1069 4510 219
1082 4473 1122 4528 sq.

231 4535 304 4604 βοά
323 4537 417 4603 Uarro,
439 4536 475 4592 de
492 4535 559 4607 ling.
580 4535 682 4591 mcv
702 4535 753 4592 101
772 4535 810 4591 in.
830 4537 859 4591 et
878 4551 920 4590 ex.
