3098 4956
86 1278 91 1395 Ι

666 283 884 348 -45,

168 459 272 544 tollego,
304 482 361 527 cur
392 482 461 527 van
493 461 662 528 Leeuwen
697 460 842 526 editores
872 460 1082 527 Britannicos
1115 462 1269 546 opinetur
1299 461 1417 527 ‘ridere

167 557 331 642 relegentes
357 579 444 645 quae
468 557 508 624 de
532 560 584 624 his
607 559 762 624 uersibus
785 557 1012 644 scripserunt’:
1044 559 1085 624 ‘lt
1107 559 1136 623 is
1161 558 1205 624 all
1229 580 1308 625 over
1332 559 1417 626 with

166 654 225 721 him.
255 657 314 724 We
338 678 402 722 can
425 655 467 722 do
491 657 632 740 nothing
655 656 718 721 but
740 657 827 722 raise
852 678 873 722 a
895 656 973 738 long
996 657 1141 722 lament’
1187 656 1303 742 Neque
1327 658 1417 722 enim

166 756 275 820 exertis
291 754 530 837 grammaticae
548 754 678 820 ratione
700 775 808 840 neque
826 777 843 820 e
864 755 1107 820 sententiarum
1132 754 1244 820 ordine
1267 775 1307 820 ao
1331 750 1415 820 serie

164 854 279 934 possunt
309 852 386 917 duci
410 855 609 934 argumenta
633 852 753 937 quibus
786 852 915 918 illorum
948 853 1117 918 sententia
1147 853 1317 934 refutetur,
1351 853 1416 918 nisi

163 946 226 1014 forte
253 953 305 1016 est
328 949 385 1036 qui
408 953 494 1034 ἔζησ
518 951 624 1015 ‘uixit’
648 971 706 1035 pro
730 952 893 1015 ‘mortuus
922 953 984 1016 est’
1008 951 1162 1036 usurpari
1193 953 1303 1032 neget,
1337 951 1416 1035 quia·

163 1043 247 1114 desint
280 1047 442 1135 exempla.
489 1049 536 1112 At
567 1047 730 1114 Graecam
766 1069 839 1113 esse
870 1046 958 1112 hanc
991 1046 1194 1114 locutionem
1228 1048 1327 1114 testis
1363 1051 1418 1114 est

160 1140 286 1230 Plautus,
312 1146 369 1231 qui
386 1167 403 1211 e
421 1144 538 1211 Graeci
555 1145 671 1211 comici
680 1148 702 1228 1)
719 1145 905 1211 imitatione
921 1145 1041 1211 Pseud.
1058 1145 1122 1210 309
1132 1167 1201 1231 sqq.
1218 1145 1303 1211 haec
1319 1145 1414 1212 dixit:

884 1268 977 1352 ‘Eho,
1002 1290 1047 1334 an
1070 1271 1137 1335 iam
1160 1271 1348 1336 mortuost?
1371 1270 1416 1359 tt:

357 1366 442 1434 Utut
460 1370 521 1452 est,
538 1367 619 1433 mihi
636 1367 770 1453 quidem
785 1368 930 1453 proiecto
948 1388 1023 1432 cum
1038 1368 1111 1432 istis
1129 1367 1224 1434 dictis
1241 1371 1414 1434 mortuost.

355 1465 433 1531 Ilico
457 1465 543 1530 uixit
567 1469 707 1550 amator,
732 1465 791 1530 ubi
813 1465 925 1531 lenoni
949 1465 1133 1551 supplicat?

149 1587 257 1657 Uerum
280 1591 382 1674 igitur
405 1611 479 1655 esse
503 1593 589 1675 ἔζησ
614 1589 763 1675 adparet,
788 1611 863 1655 oum
879 1590 1076 1676 praesertim
1091 1590 1230 1656 feliciter
1254 1593 1415 1674 congruat
1436 1633 1439 1638 -

145 1709 208 1754 cum
251 1688 357 1755 totius
395 1686 459 1754 loci
506 1686 706 1753 condicione.
761 1687 1017 1770 Elegantissime
1063 1689 1152 1754 enim
1188 1688 1415 1776 depinguntur

141 1807 305 1854 seruorum
353 1786 569 1851 barbarorum
609 1784 681 1850 duri
721 1786 824 1851 animi
863 1789 965 1871 atque
999 1785 1187 1871 inhumani,
1230 1788 1287 1873 qui
1327 1787 1415 1852 serui

139 1885 283 1968 gaudent
311 1885 417 1967 magis
442 1882 488 1948 eri
517 1882 709 1948 calamitate
734 1904 833 1968 quam
865 1887 1017 1949 maerent
1043 1905 1152 1969 neque
1181 1884 1330 1951 officium
1354 1884 1415 1949 ad-

137 1981 271 2049 iuuandi
287 1985 349 2047 aut
365 1980 565 2046 subleuandi
581 1982 627 2047 eri
642 1984 789 2064 tuentur,
804 1981 863 2047 sed
879 1983 976 2067 quasi
991 1982 1059 2046 iam
1074 1985 1242 2048 mortuum
1256 1981 1416 2048 deserunt

137 2102 208 2147 eum
243 2100 370 2147 ornnes.
422 2080 568 2160 Quorum
599 2080 769 2146 atrocitati
800 2081 977 2166 opponitur
1009 2080 1232 2146 adulescentis
1265 2101 1344 2146 cura
1375 2101 1416 2146 ac

136 2178 306 2262 diligentia
328 2199 384 2242 uu.
401 2177 444 2243 58
453 2198 522 2262 sqq.
564 2179 613 2242 Ac
633 2199 665 2242 u.
682 2177 725 2242 58
748 2174 885 2266 ο[ἱο]ιι[εὶ]
909 2181 999 2243 recte
1023 2199 1097 2243 esse
1121 2177 1313 2264 suppletum
1335 2198 1412 2260 cog-

134 2305 250 2352 nosces
275 2305 318 2351 ex
340 2282 476 2369 Antiph.
500 2283 538 2349 fr.
555 2283 658 2367 231,6
672 2284 710 2349 K.
735 2283 816 2351 Onu*
832 2284 861 2349 ll
883 2307 913 2370 p.
933 2284 995 2349 113

345 2401 383 2464 τὰ
408 2401 437 2464 δ’
451 2401 650 2465 ἀντιτείνονθ’
668 2402 762 2465 οἱονεὶ
786 2402 883 2483 δίψαν
905 2401 971 2464 τινὰ

347 2501 366 2581 ἢ
391 2500 543 2582 ξηρασίαν
567 2500 671 2582 σχόντ’
688 2499 880 2582 αὐτόπρεμν’
897 2500 1074 2562 ἀπόλλυται,

135 2614 196 2681 sed
228 2613 271 2679 de
294 2634 326 2677 u.
349 2613 391 2679 59
420 2615 565 2679 exeunte
598 2613 789 2696 diligentius
821 2612 1048 2699 quaerendum
1079 2614 1144 2697 est;
1179 2634 1259 2693 nam
1293 2616 1414 2698 πατέρα

137 2918 348 3000 agnouerunt
370 2915 532 2998 Britanni,
558 2914 676 2982 deinde
698 2916 854 2982 ΡΘΟΣΑ
876 2916 985 2999 legere
1010 2916 1073 2983 sibi
1095 2915 1306 2984 uidebantur.
1344 2917 1414 2983 Nec

134 3045 211 3089 uero
242 3019 490 3111 ἀπορθ<ώ>σα[ς
505 3020 607 3111 πάλιν]
631 3007 720 3108 quod
736 3007 777 3087 hi'
795 3007 1036 3109 suppleuerunt
1059 3026 1092 3090 et
1108 3028 1281 3090 uerterunt
1305 3024 1412 3090 ‘lifted

133 3127 201 3195 him
215 3133 273 3215 up’
291 3112 429 3195 omnino
441 3113 559 3215 placet.
590 3128 677 3194 Nam
692 3129 780 3194 hano
796 3129 1077 3213 significationem
1092 3152 1157 3215 quo
1174 3129 1272 3196 modo
1289 3130 1412 3197 habere

133 3227 241 3314 possit
264 3229 434 3310 ἀπορθοῦν
458 3227 549 3293 nullo
573 3226 759 3292 illustratur
783 3228 968 3313 exemplat
1014 3228 1132 3313 ltaque
1164 3249 1239 3293 cum
1262 3249 1412 3313 praeser-

132 3327 192 3391 tim
224 3323 265 3389 de
297 3323 376 3389 solis
407 3325 526 3390 litteris
554 3325 655 3390 AHO
687 3328 818 3390 constet
848 3326 995 3411 reliquae
1032 3327 1100 3391 sint
1130 3325 1287 3410 incertae,
1324 3327 1413 3391 sitne

133 3424 333 3506 ἁποριλώσας
354 3424 444 3488 recte
469 3425 628 3508 scriptum
652 3421 805 3488 dubitare
832 3422 912 3489 licet
936 3426 970 3488 et
994 3422 1090 3489 aliter
1112 3444 1248 3488 uersum
1272 3424 1412 3509 explere.

131 3520 236 3605 Atqui
260 3541 291 3586 u.
312 3519 413 3606 cusq.
437 3520 549 3585 uerbis
573 3522 726 3596 ἀπένιζεν,
758 3529 869 3605 φαγεῖν
897 3526 1076 3606 προσέφερε
1106 3543 1208 3609 quam
1240 3521 1415 3604 diligenter

132 3616 330 3683 adulescens
362 3638 427 3700 ero,
457 3617 536 3683 dum
568 3620 642 3683 erat
665 3618 719 3684 ille
743 3623 909 3705 aegrotus
942 3621 1118 3704 curauerit,
1150 3620 1262 3685 uerbis
1285 3622 1412 3703 ἤλειφεν

131 3717 287 3800 ἕξέιριβεν
304 3735 369 3800 quo
392 3716 490 3781 modo
515 3717 588 3781 seni
609 3717 677 3780 iam
701 3718 949 3783 conualescenti
973 3739 1107 3804 operam
1131 3716 1258 3784 dederit
1281 3716 1413 3800 dicitur;

131 3813 314 3896 unguentis
339 3813 426 3879 enim
451 3814 499 3895 (cf.
515 3816 650 3897 ἤλειφεν)
674 3815 816 3880 uulnera
839 3808 941 3881 oblini
963 3837 1032 3881 non
1048 3816 1203 3881 solebant
1218 3815 1413 3900 priusquam

132 3910 176 3975 ad
211 3910 394 3976 sanitatem
430 3913 620 3996 spectarent
655 3911 694 3976 cf.
729 3912 879 3997 Hippocr.
910 3915 982 3995 περὶ
1013 3916 1114 3978 ἑλκῶν
1142 3913 1226 3980 Med.
1256 3911 1308 3979 Gr.
1336 3911 1412 3978 Xlll

130 4029 160 4094 p.
186 4007 254 4073 310
288 4007 404 4074 Kiihn:
447 4011 550 4074 ἔλαιον
582 4011 616 4074 δὲ
650 4011 704 4073 καὶ
739 4012 798 4074 ὅσα
832 4012 1053 4093 μσλιλαιιωὸἑα
1084 4016 1104 4095 ἢ
1141 4013 1295 4076 ε’λσιωόέα
1331 4012 1412 4075 ἐστὶν

131 4109 291 4190 φάρμακα
323 4109 362 4170 οὗ
393 4109 546 4191 ξυμφέρει
581 4115 677 4172 τοῖσιν
712 4110 895 4173 τοιούτοισιν
927 4110 1045 4172 ἕλκεσιν
1080 4113 1119 4192 ἢν
1151 4110 1196 4192 μὴ
1229 4110 1314 4173 πάνυ
1347 4110 1411 4193 ἤδη

239 4344 259 4414 ¹)
277 4344 389 4416 Diphili¹
409 4345 537 4412 arbitror,
563 4345 631 4417 qnia
655 4346 801 4417 primarias
819 4347 878 4402 lere
897 4352 992 4418 partes
1017 4347 1079 4417 agit
1096 4347 1168 4413 leno,
1194 4347 1231 4403 cf.
1250 4365 1277 4418 p.
1290 4349 1334 4414 72,
1353 4349 1412 4404 Me·

128 4425 232 4480 mandri
251 4424 383 4495 opinatur
401 4426 468 4491 Leo,
487 4426 580 4481 Plaut.
600 4427 715 4482 Forsch.
734 4444 761 4498 p.
774 4427 817 4493 94,
827 4427 853 4483 3.

239 4505 258 4572 ⁹)
278 4504 379 4559 uellem
397 4503 601 4591 ἀπορθ<οἰ>αοιλς
619 4503 714 4576 σκέλος]
734 4507 854 4563 scribere
872 4509 896 4562 si
915 4509 1072 4580 exemplum
1084 4524 1197 4578 possem
1215 4507 1334 4574 adferre,
1355 4525 1412 4579 quo

128 4593 273 4664 ἀπορθοῦν
287 4591 361 4647 idem
381 4580 481 4650 ualere
493 4612 528 4652 ac
545 4581 706 4669 λαθορθοῦν
723 4594 900 4656 ‘einrichten'
922 4598 996 4656 satis
1012 4600 1083 4672 apto
1099 4597 1358 4653 domonstraretui.
