3096 4950
662 262 883 327 -23..

130 440 277 527 Deponit
309 440 410 524 igitur
445 440 642 506 adulescens
678 461 833 506 coronam
867 439 902 504 in
938 461 979 505 ea
1009 460 1152 505 scaenae
1183 442 1278 525 parte
1309 460 1410 525 quam

131 540 339 622 spectatores
369 537 498 604 habent
530 538 574 604 ad
597 538 761 621 dextram,
796 540 877 624 ipse,
911 540 950 602 ut
981 558 1038 603 eos
1070 538 1127 622 qui
1157 559 1192 603 se
1228 542 1411 623 sequantur

132 635 287 721 decipiat,
317 636 359 701 ad
383 634 518 701 laeuam
543 636 615 702 abit
636 639 676 701 ut
700 656 834 701 seruum
858 636 1044 701 conueniat.
1081 635 1186 721 Atqui
1209 635 1286 700 huic
1314 656 1408 708 seruo

131 736 172 799 ut
194 734 335 816 remiges
360 733 395 797 in
419 731 644 799 deuersorium
668 732 802 819 aliquod
826 731 961 798 duceret
983 733 1162 818 imperauit
1184 754 1215 799 u.
1231 732 1309 799 436:

308 839 428 905 ‘abduc
452 839 536 905 istos
559 841 594 905 in
617 840 793 906 tabernam
818 841 969 905 actutum
995 838 1237 906 deuersoriam.³

130 967 241 1031 nequo
270 947 402 1032 estqui
433 946 592 1012 tabernas
616 946 651 1011 in
675 968 758 1032 quas
790 947 929 1029 remiges
954 947 1081 1012 deuerti
1110 947 1241 1012 soleant
1272 946 1308 1010 in
1337 947 1409 1032 ipso

132 1047 230 1129 portu
254 1043 309 1109 uel
331 1044 366 1109 in
397 1043 480 1108 urbe
503 1043 594 1108 haud
617 1044 731 1129 procul
754 1065 775 1109 a
797 1047 896 1130 portu
919 1045 1002 1109 sitas
1035 1065 1108 1108 esse
1139 1047 1245 1127 neget.
1291 1043 1408 1130 ltaque

131 1142 167 1207 in
193 1143 326 1225 portum
357 1141 540 1228 urbemque
572 1142 830 1225 adulescentem,
862 1144 902 1207 ut
932 1162 1006 1207 oum
1039 1162 1134 1207 seruo
1167 1142 1408 1226 congrediatur,

132 1262 169 1305 se
199 1238 346 1305 conferre
382 1259 520 1305 necesse
553 1243 613 1306 est.
659 1240 743 1323 Ergo
775 1261 849 1306 oum
882 1239 925 1305 ad
956 1261 1031 1305 eam
1061 1242 1199 1324 partem,
1236 1260 1337 1324 quam
1367 1239 1411 1304 ad

131 1336 265 1402 laeuam
282 1336 433 1402 habeant
449 1340 664 1422 spectatores,
690 1359 766 1402 eum
782 1338 873 1403 abire
888 1337 986 1403 modo
1002 1337 1272 1421 intellexerimus
1294 1337 1410 1402 urbem

132 1436 168 1500 et
191 1438 323 1520 portum
353 1437 559 1521 spectatores
582 1434 710 1500 habent
741 1435 784 1500 ad
812 1435 954 1501 laeuam.
1000 1434 1137 1500 Accedit
1161 1434 1295 1500 Terenti
1317 1435 1409 1499 locus

131 1532 231 1618 plane
255 1530 432 1598 dilucidus:
455 1532 557 1598 Andr.
574 1532 640 1599 734
649 1553 718 1619 sqq.
742 1554 860 1598 seruus
883 1531 980 1598 haec:

572 1638 652 1722 ‘Ego
677 1661 807 1725 quoque
830 1639 907 1704 hinc
931 1639 973 1704 ab
999 1639 1137 1706 dextera

357 1736 476 1803 Ueniro
500 1758 552 1802 me
577 1736 799 1821 adsimulab03
823 1739 862 1803 tu
885 1739 924 1802 ut
948 1737 1140 1802 subseruias

358 1833 517 1918 Orationi,
542 1837 770 1920 utquomque
795 1856 878 1921 opus
902 1835 954 1908 sit,
980 1835 1092 1901 uerbis
1116 1834 1213 1900 uide?

130 1941 151 2006 i.
169 1963 196 2006 θ.
220 1940 390 2007 simulabit
413 1963 449 2007 se
475 1941 632 2008 aduenire
665 1941 707 2006 ab
740 1963 781 2007 ea
803 1945 898 2027 parte
922 1963 1023 2028 quam
1055 1945 1261 2028 spectatores
1284 1943 1411 2008 habent

131 2038 176 2103 ad
204 2038 344 2104 laeuam.
390 2039 494 2125 Atqui
518 2062 549 2105 u.
566 2039 632 2104 744
641 2060 710 2126 sqq.
734 2041 832 2126 quasi
855 2061 876 2104 a
898 2038 969 2105 foro
993 2038 1161 2125 profectus
1186 2041 1230 2106 sit
1254 2061 1289 2106 se
1313 2041 1409 2123 gerit:

940 2146 1001 2229 ui,
1027 2150 1177 2213 uostram
1200 2147 1309 2231 fidem,

223 2243 307 2323 Quid
329 2243 484 2309 turbaest
507 2242 596 2330 apud
618 2243 751 2308 iorum?
775 2243 853 2328 quid
876 2242 941 2309 illic
965 2243 1138 2310 hominum
1161 2245 1342 2329 litigant.³1)

132 2350 290 2436 Sequitur
312 2353 352 2415 ut
373 2350 500 2432 urbem,
532 2351 566 2415 in
591 2371 657 2436 qua
679 2349 789 2416 forum
814 2351 857 2415 sit
881 2351 992 2434 situm,
1026 2354 1232 2436 spectatores
1259 2352 1411 2418 habeant

132 2448 175 2514 ad
198 2447 340 2513 laeuam.

240 2544 305 2610 Sed
324 2544 407 2611 haec
426 2547 600 2613 hactenus.
634 2545 747 2611 Redeo
772 2546 816 2611 ad
839 2550 976 2631 cartam,
1002 2546 1096 2612 cuius
1112 2546 1189 2612 inde
1211 2568 1233 2612 a
1251 2568 1352 2612 uersu
1367 2549 1410 2613 22

130 2663 223 2709 noua
261 2642 425 2728 quaedam
466 2643 581 2729 incipit
619 2645 782 2726 scaena.²)
841 2645 889 2709 Ac
922 2642 1013 2710 foras
1052 2643 1217 2731 prodeunt
1254 2644 1410 2711 Philinna

132 2760 219 2806 anns
244 2739 293 2821 (cf.
310 2763 340 2805 u.
357 2741 399 2805 22
424 2743 458 2805 et
482 2763 512 2805 u.
529 2740 572 2807 54
596 2745 700 2807 σιώπα
725 2743 885 2827 γράιόιον),
911 2742 951 2808 de
975 2744 1069 2809 cuius
1092 2743 1202 2810 indole
1227 2764 1266 2809 ac
1288 2747 1411 2810 natura

133 2838 261 2919 egregie
286 2837 544 2923 disputauerunt
572 2838 690 2905 Kaibel
719 2839 738 2904 l.
763 2862 787 2907 s.
815 2862 845 2926 p.
872 2840 936 2907 154
967 2844 1001 2907 et
1028 2841 1189 2908 Dziatzko
1219 2862 1249 2927 p.
1270 2841 1344 2924 507,
1377 2845 1411 2908 ot

132 2935 239 3001 altera
262 2934 425 3021 quaedam
453 2935 580 3003 femina
611 2938 718 3003 minor
747 2939 843 3021 natu,
876 2960 963 3025 quae
987 2939 1029 3006 ab
1052 2939 1111 3006 illa
1133 2963 1163 3007 u.
1181 2941 1223 3006 25
1248 2939 1276 3004 ὠ
1299 2943 1410 3005 τέκνον

131 3032 327 3117 adpellatur.
372 3032 468 3098 Hauc
492 3037 606 3099 autem
631 3035 855 3101 adulescentis
884 3057 958 3102 esse
983 3040 1123 3103 amicam
1147 3037 1320 3104 contendit
1342 3059 1409 3103 van

132 3130 300 3196 Lceuwen
330 3152 360 3215 p.
385 3131 449 3196 300
484 3137 679 3214 argumento
715 3153 782 3198 non
817 3132 940 3199 adlato.
986 3137 1032 3200 At
1065 3134 1221 3200 Philinna
1259 3156 1333 3200 cum
1368 3134 1409 3201 de

132 3227 241 3293 amica
262 3228 409 3313 loquitur
435 3250 519 3295 uoce
541 3230 598 3312 τὴν
621 3232 724 3314 κόρην
747 3230 854 3295 utitur
877 3253 907 3296 u.
925 3231 977 3316 30,
1009 3231 1043 3297 id
1066 3233 1152 3317 quod
1183 3253 1250 3298 non
1274 3232 1408 3316 faceret,

128 3326 162 3407 si
185 3346 260 3391 cum
282 3326 357 3412 ipsa
379 3325 436 3391 illa
460 3325 601 3392 haberet
625 3328 833 3414 colloquium.
878 3329 995 3415 ltaque
1020 3331 1161 3395 amicam
1190 3351 1258 3396 uon
1290 3330 1408 3397 adesse

131 3422 205 3488 luce
241 3425 293 3488 est
335 3424 463 3489 clarius
519 3426 592 3505 Qua
626 3426 667 3491 de
702 3447 806 3492 causa
840 3425 950 3494 facere
992 3449 1060 3494 non
1094 3449 1286 3513 possumus,
1330 3431 1410 3515 quin

131 3519 369 3586 Dziatzkonem
404 3523 510 3587 secuti
533 3522 737 3610 Myrrhinam
768 3528 958 3594 matronam
969 3527 1001 3610 ³),
1034 3546 1120 3612 quae
1153 3526 1238 3592 infra
1270 3549 1299 3593 u.
1321 3527 1363 3591 41
1388 3549 1410 3592 θ

132 3638 229 3682 seruo
262 3616 437 3704 salutetur,
473 3620 540 3686 iam
572 3642 661 3687 nunc
691 3622 726 3687 iu
762 3644 886 3690 scaena
917 3626 1045 3690 uersari
1079 3627 1114 3690 et
1147 3645 1222 3690 oum
1252 3625 1408 3696 Philinna

133 3714 275 3801 colloqui
290 3719 490 3784 statuamus.
523 3717 592 3784 Nec
608 3718 790 3806 quidquam
805 3721 909 3788 habet
925 3721 1121 3788 offensionis
1137 3745 1167 3788 u.
1184 3722 1226 3788 25
1243 3723 1271 3788 ὦ
1288 3726 1406 3807 τέκνον,

241 3920 258 3989 ¹)
279 3935 360 3991 quem
378 3937 491 3974 uersum
510 3921 674 3976 Fleckeisen
693 3923 732 3976 sic
752 3925 884 3978 correxit:

293 3997 384 4070 ‘Apud
402 3999 495 4054 forum
515 4001 582 4071 quid
601 4002 749 4057 turbaest?
779 4003 844 4072 quid
863 4004 920 4059 illic
938 4004 1082 4059 hominum
1101 4003 1248 4074 litigant?³

239 4079 258 4148 ²)
277 4079 309 4132 ln
327 4096 384 4151 qua
403 4096 466 4134 cum
491 4080 602 4149 singula
620 4083 708 4136 uerba
732 4083 849 4152 singulis
868 4084 992 4153 personis
1010 4087 1087 4139 recte
1105 4084 1233 4138 Britanni
1252 4085 1407 4151 tribuerint,

131 4158 582 4308 longunllelldydrhtihetretdradthbhla
609 4240 751 4295 inuenitur
778 4240 871 4296 Plaut.
892 4242 952 4297 Cas.
979 4242 1067 4311 17011,
1090 4242 1159 4296 1000
1182 4242 1243 4297 Ter.
1263 4242 1328 4300 Hec.
1346 4245 1407 4310 523,

132 4334 204 4372 anus
223 4317 338 4372 Timocl.
357 4318 391 4374 fr.
411 4319 489 4375 2514.
509 4320 577 4375 CAF
591 4322 615 4376 Il
634 4338 660 4392 p.
673 4321 739 4376 462:

524 4398 623 4454 eddeva
640 4407 715 4472 γρᾶες
735 4432 768 4439 -
788 4432 821 4439 -
841 4433 876 4440 -
894 4401 1015 4474 Μυῤῥίνη

132 4476 169 4530 cf.
182 4475 309 4541 Bechtel‚
326 4478 377 4533 Die
398 4480 540 4535 attischen
552 4483 763 4536 Frauennamen
777 4498 804 4552 p.
819 4481 884 4548 103;
903 4482 1040 4537 Kirchner
1054 4483 1071 4537 l.
1086 4499 1106 4537 s.
1121 4482 1173 4538 No.
1188 4482 1408 4540 10480-10489

131 4556 157 4610 11
175 4572 203 4626 p.
218 4556 269 4611 107
277 4573 331 4627 sq.;
350 4559 493 4631 Aristoph.
513 4563 577 4632 Lys
590 4562 633 4616 70.
