3098 4956
660 271 904 336 -109-

140 471 204 536 que
235 448 361 536 profert
392 471 416 515 S.
440 472 471 516 u.
496 453 651 535 ἔμβαρος’
676 450 798 534 ἠλίθιος
827 451 950 534 μιαρός,
979 455 999 534 ἢ
1023 454 1183 535 νουνεχής.
1229 453 1423 535 Μένανάρος

144 551 325 632 &deputasti
371 547 465 613 Unde
499 547 589 612 illius
623 546 828 632 temporibus
862 546 985 630 uulgus
1023 548 1197 635 prouerbii,
1235 548 1322 634 quod
1354 549 1422 615 iam

138 644 315 712 Menandri
345 646 551 732 temporibus
574 646 609 710 in
634 644 827 711 archaismis
851 650 1090 728 numeraretur,
1123 647 1257 712 omnino
1282 645 1422 714 oblitum

139 766 181 810 ac
217 765 261 810 ne
299 742 483 830 philologos
523 743 656 829 quidem
687 764 751 829 quo
782 742 880 809 modo
912 742 994 808 illud
1021 742 1308 830 interpretandum
1332 747 1424 810 esset

139 842 280 908 sciuisse
305 840 364 907 sed
393 842 429 906 in
453 842 537 907 duas
568 843 680 928 partes
712 839 904 907 discessisse
927 843 1031 928 patet.
1078 841 1224 922 Quarum
1250 863 1291 908 ex
1314 841 1422 907 altera

139 941 237 1006 stetit
275 939 464 1005 Pausanias
503 940 597 1005 cuius
635 938 740 1005 uerba
777 937 978 1004 Eustathius
1012 939 1032 1005 l.
1057 961 1080 1006 s
1115 939 1224 1006 adfert
1263 942 1341 1005 ὅθεν
1379 943 1423 1013 εἰς

138 1042 321 1124 παροιμίαν,
350 1041 437 1121 φησί,
468 1041 625 1122 περιέστη·
650 1040 790 1122 ἔμβαρος
813 1037 843 1102 εἶ
861 1040 995 1102 τουτέστι
1018 1041 1181 1123 νοννεχής,
1205 1041 1363 1122 φρόνιμος
1387 1041 1422 1104 et

137 1137 366 1220 Diogenianus
391 1137 462 1201 siue
490 1137 561 1222 ipse
584 1134 773 1222 Hesychius
797 1156 822 1200 s.
838 1156 868 1200 u.
893 1138 954 1201 οὐκ
971 1136 1136 1221 Ἔμβαρος
1159 1136 1201 1201 εἶ’
1218 1139 1257 1201 οὐ
1274 1144 1423 1220 φρονεῖς·

138 1236 203 1300 ἀπὸ
226 1243 283 1318 τῆς
306 1235 474 1320 Ἐμβάρου
499 1237 697 1318 φρονήσεως.
744 1233 810 1298 Sed
836 1234 898 1318 qui
929 1232 972 1298 ab
996 1232 1104 1299 altera
1133 1237 1230 1320 parte
1254 1236 1424 1300 steterunt

139 1352 288 1418 quanam
317 1331 448 1398 ratione
483 1332 535 1396 usi
566 1335 707 1416 ἔμβαρος
739 1331 779 1396 de
816 1330 1006 1396 amentibus
1031 1330 1094 1397 dici
1117 1330 1424 1397 demonstrauerint

138 1430 275 1495 omnino
309 1430 511 1512 ignoramus.
556 1428 643 1494 Nam
679 1429 871 1515 Apostohus
901 1427 963 1493 Vll
989 1429 1029 1494 10
1062 1428 1282 1512 Paroemiogr.
1315 1428 1422 1496 GrH

137 1550 167 1614 p.
185 1528 261 1609 397,
276 1529 306 1612 1,
332 1526 371 1592 de
404 1547 468 1613 quo
492 1526 652 1592 cf.Hiller
673 1526 857 1609 Philol.34,
877 1526 961 1593 1870
992 1549 1022 1614 p.
1039 1527 1104 1591 226
1117 1548 1197 1615 sqq,
1229 1526 1312 1592 nihil
1342 1527 1423 1592 feeit

137 1626 204 1692 nisi
228 1624 364 1690 Suidam
391 1625 566 1710 exscripsit
589 1628 625 1690 et
646 1625 680 1690 id
703 1624 836 1711 quidem
859 1627 959 1691 tanta
982 1645 1058 1690 oum
1081 1624 1294 1708 neglegentia
1318 1629 1421 1712 atque

136 1722 299 1805 socordia,
336 1725 375 1788 ut
410 1724 540 1789 omissis
571 1722 683 1788 uerbis
715 1724 814 1808 αὐτὴν
835 1724 896 1806 μὲν
925 1725 1111 1808 ἀπέκρυψεν
1140 1726 1173 1788 ἓν
1205 1730 1262 1788 τῶι
1291 1725 1421 1798 odoror,

137 1825 211 1905 αἶγα
229 1823 264 1887 δὲ
280 1824 389 1905 ἐσθῆτι
403 1824 570 1906 κοσμήσας
585 1824 632 1893 ὡς
646 1823 703 1906 τὴν
718 1824 878 1905 θυγατέρα
903 1841 1040 1886 sensum
1056 1821 1191 1887 omnino
1212 1819 1420 1907 deprauaret.

136 1921 208 1985 Nec
232 1920 413 2006 quidquam
437 1919 583 1986 efficitur
598 1941 640 1986 ex
664 1920 711 1985 eis
729 1940 814 2005 quae
830 1918 957 1984 tradita
972 1921 1053 1984 sunt
1067 1919 1103 1984 in
1126 1918 1309 2005 adpendice
1334 1939 1420 2005 quae

137 2016 259 2084 dicitur
280 2017 530 2103 prouerbiorum
553 2018 582 2083 ll
605 2019 648 2084 54
671 2018 889 2100 Paroemiogr.
906 2015 959 2083 Gr.
975 2018 990 2082 Ι
1012 2039 1041 2104 p.
1058 2017 1134 2096 402,
1148 2018 1169 2082 8
1182 2039 1252 2104 sqq.

246 2115 373 2181 Deinde
398 2115 486 2202 quod
511 2116 600 2202 apud
624 2114 841 2182 Eustathium
863 2115 882 2180 l.
900 2137 924 2181 s,
949 2115 1108 2202 scriptum
1131 2116 1285 2181 uidemus
1309 2117 1422 2199 Βάρος

137 2215 175 2279 δὲ
198 2215 407 2299 ἢἜμβορος,
442 2234 510 2279 non
540 2213 606 2279 nisi
622 2215 787 2299 Ἕμβορος
816 2235 934 2279 uerum
965 2235 1039 2280 esse
1071 2235 1113 2280 ex
1141 2214 1214 2300 ipso
1246 2213 1419 2300 prouerbio

136 2332 337 2397 quocunqne
361 2309 458 2377 modo
487 2314 539 2378 est
561 2311 849 2398 interpretandum
881 2332 1069 2394 cognosces.
1114 2311 1184 2377 Nec
1207 2311 1343 2377 difficile
1368 2315 1422 2376 est

135 2408 311 2475 intellectu
344 2431 411 2495 qua
433 2410 564 2475 ratione
587 2409 621 2476 id
645 2408 733 2495 quod
757 2414 810 2475 est
832 2410 996 2475 traditum
1019 2414 1129 2475 ortum
1152 2411 1205 2476 sit.
1252 2410 1421 2475 Librarius

136 2508 227 2574 enim
262 2507 398 2595 quidem
432 2529 490 2594 pro
519 2509 685 2594 Ἕμβαρος
718 2507 895 2593 scripserat
917 2508 1037 2592 Βάρος,
1073 2507 1106 2573 id
1138 2506 1228 2593 quod
1262 2506 1420 2574 facillime

135 2608 271 2692 poterat
293 2605 376 2687 fieri,
402 2609 437 2671 et
460 2610 623 2672 corrector
638 2605 773 2691 quidam
789 2625 905 2670 ueram
920 2605 1098 2671 lectionem
1114 2627 1215 2692 supra
1232 2606 1419 2692 scripserat.

135 2703 170 2768 Is
193 2725 273 2769 uero
302 2704 358 2790 qui
385 2707 505 2791 postea
533 2705 678 2770 codicem
706 2701 880 2789 descripsit
907 2724 942 2768 re
970 2723 1038 2768 non
1066 2708 1240 2790 perspecta
1263 2705 1375 2787 Βάρος
1398 2708 1419 2788 ἢ

127 2802 296 2886 Ἐμβαρος
330 2803 365 2867 in
400 2803 532 2867 textum
567 2821 666 2887 quem
697 2803 821 2868 uocant
858 2802 991 2889 recepit.
1045 2802 1153 2882 Quam
1196 2801 1419 2886 corruptelam

136 2901 241 2966 etiam
275 2900 310 2965 in
341 2899 464 2965 Suidae
500 2899 699 2985 quibusdam
734 2899 901 2966 codicibus
936 2900 1041 2966 fuisse
1073 2900 1199 2967 efficies
1231 2921 1273 2966 ex
1303 2900 1421 2986 inepta

135 2996 196 3062 illa
218 2996 344 3081 glossa,
377 3019 463 3084 quae
487 3000 583 3063 extat
606 3019 630 3062 s
647 3020 678 3062 n.
702 2999 813 3082 Βάρος
836 2997 886 3080 (of.
909 2997 1105 3086 Bernhardy
1129 2997 1178 3064 ed.
1196 3005 1278 3082 su.)
1315 3002 1419 3082 ὄνομα

136 3099 264 3180 κύριον·
297 3097 336 3180 ἦν
371 3098 406 3161 δὲ
440 3098 555 3180 ἱερεύς·
586 3097 640 3159 καὶ
674 3098 757 3180 ζήτει
790 3097 848 3180 τὴν
881 3099 953 3178 περὶ
985 3100 1098 3161 τούτου
1130 3099 1267 3181 ἱστορίαν
1298 3099 1331 3161 ἓν
1360 3104 1420 3161 τῶι

130 3195 299 3278 Ἔμβαράς
321 3198 392 3278 εἰμι.
438 3192 525 3259 Nam
549 3213 626 3258 eum
650 3194 707 3280 qui
730 3192 793 3258 hoc
820 3191 997 3278 adscripsit
1018 3193 1053 3258 in
1077 3192 1200 3260 Suidae
1222 3184 1285 3258 ‘suo
1310 3193 1420 3259 codice

138 3313 162 3357 s.
179 3314 210 3360 u.
227 3293 393 3376 ’Ἐμβαρος
415 3292 533 3374 legisse
550 3293 661 3376 Βάρος
676 3292 870 3376 ἢἜμβαρος
893 3293 951 3356 uix
974 3292 1158 3374 negaueris.
1204 3293 1253 3356 Ae
1276 3290 1420 3357 forsitan

137 3389 222 3456 haec
246 3388 433 3476 corruptela
455 3391 523 3455 iam
546 3390 581 3454 in
615 3391 720 3476 ipsius
743 3389 933 3454 Pausaniae
958 3388 1125 3455 codicibus
1149 3389 1308 3473 ext'terit‚
1341 3388 1421 3455 licet

138 3486 220 3553 nihil
252 3488 332 3553 certi
364 3487 540 3553 adfirmare
568 3489 743 3574 possimus,
790 3486 855 3553 Sed
879 3492 918 3552 ut
942 3486 984 3553 ad
1007 3487 1112 3573 ipsam
1138 3508 1208 3552 rem
1232 3484 1416 3572 adgrediar,

139 3585 179 3652 de
207 3587 255 3651 eis
285 3585 385 3650 rebus
417 3607 503 3672 quae
539 3585 583 3651 ad
605 3587 734 3652 Dianae
766 3588 935 3672 pertinent
966 3585 1103 3670 cultum,
1139 3584 1240 3650 uelim
1264 3583 1418 3650 conferas

140 3683 173 3749 0.
189 3681 316 3766 Miiller,
340 3684 401 3749 Die
418 3683 531 3749 Dorier
548 3684 562 3748 Ι
585 3704 615 3768 p.
632 3683 698 3749 384
722 3688 756 3749 et
771 3682 902 3767 Preller,
928 3683 1138 3750 Griechische
1154 3682 1358 3769 Mythologie
1376 3683 1419 3747 4Ι

137 3802 167 3867 p.
183 3781 246 3847 311
261 3802 331 3868 sqq.
377 3780 477 3847 Cuius
513 3782 595 3847 deae
631 3782 815 3848 sacerdotio
851 3783 880 3846 si
909 3803 944 3848 re
976 3803 1057 3847 uera
1084 3780 1247 3847 Embarus
1282 3778 1418 3867 quidam

138 3880 209 3945 sine
248 3879 319 3945 eius
357 3879 480 3964 posteri
520 3881 636 3946 essent
673 3878 794 3962 functi,
837 3899 960 3945 nomen
991 3880 1157 3963 Ἔμβαρος
1195 3878 1306 3964 aliquo
1344 3877 1417 3943 loco

139 3997 306 4042 occurrere
342 3982 506 4062 expectes
560 3977 627 4043 Sed
661 3997 864 4062 quamquam
900 3998 1016 4042 omnes
1051 3980 1266 4062 quotcunque
1298 3978 1418 4041 extant

138 4075 262 4141 indices
293 4076 618 4161 inscriptionesquer)
649 4077 877 4160 perscrutatus
902 4096 976 4139 sum
1000 4095 1168 4161 nusquam
1190 4072 1272 4138 illud
1295 4093 1416 4138 nomen

137 4173 274 4259 repperi.
320 4175 370 4238 Ac
400 4175 536 4239 tametsi
569 4195 611 4239 ex
642 4174 773 4239 silentio
805 4193 890 4258 quae
923 4174 1004 4237 sunt
1034 4171 1191 4236 conclusa
1223 4192 1264 4236 ea
1287 4191 1418 4257 semper

245 4335 263 4400 ¹)
283 4333 318 4389 of.
338 4333 372 4387 fr.
385 4333 438 4388 502
455 4332 490 4388 K.
503 4333 572 4387 GAF
584 4334 621 4386 111
639 4349 665 4404 p.
680 4333 739 4388 144.

244 4414 263 4483 ⁹)
281 4411 409 4483 Epftdqqr
434 4414 537 4482 legitur
560 4413 619 4467 010
636 4411 731 4467 meod
750 4413 785 4481 (ΙΙ
803 4428 830 4482 p.
845 4412 923 4481 1086)
942 4436 978 4455 =
995 4411 1101 4466 IGIMA
1119 4411 1158 4465 ΙΙΙ
1182 4410 1234 4466 Νο.
1247 4410 1300 4466 437
1324 4427 1350 4482 p.
1366 4411 1417 4466 103

130 4489 253 4564 Ἔνβαριι
271 4493 355 4563 Oxyr.
375 4492 444 4561 Pap.
461 4492 474 4545 l
492 4508 518 4563 p.
531 4492 603 4557 91‚2
621 4492 730 4547 Nola.
759 4490 864 4563 Ἔμβρη
888 4492 997 4546 Griech.
1016 4492 1168 4546 Urlrunden
1195 4507 1247 4546 aus
1265 4492 1416 4561 Aegypton

137 4589 162 4626 a.
177 4574 202 4628 d.
216 4575 242 4627 k.
256 4573 383 4626 Museum
400 4573 472 4627 Berl.
491 4572 506 4625 I
524 4572 576 4627 No.
591 4572 651 4637 106,
661 4571 687 4627 4.
