3098 4956
652 287 898 352 —101-

131 461 308 528 notionem
335 462 446 527 uerbis
470 464 561 547 δίκην
583 465 673 528 λῦσαι
697 464 887 549 exprimere.
932 463 1044 550 Atque
1067 465 1312 552 paragraphum
1328 464 1415 533 inira

131 559 196 625 hos
227 580 348 625 uersus
379 559 523 645 positam
553 561 639 627 bene
674 564 836 626 corrector
866 559 999 628 deleuit.
1044 561 1131 628 Nam
1155 560 1340 649 Glyceram,
1373 563 1414 630 de

132 678 201 743 qua
224 656 299 722 sola
321 659 454 742 praeter
475 656 660 724 Pataecum
690 662 803 744 potest
833 659 980 742 cogitari,
1012 681 1147 726 uersum
1178 661 1234 745 qui
1265 662 1416 747 sequitur

132 777 165 821 u.
174 753 218 819 34
229 754 446 841 pronuntiare
458 759 632 841 propterea
643 777 711 822 non
724 754 916 823 crediderim
928 758 1007 843 quia
1019 758 1176 824 abhorret
1191 779 1212 823 a
1225 757 1414 826 comoediae

133 850 377 919 consuetudine
408 853 587 919 honestam
618 854 779 937 uirginem
807 855 903 940 plura
934 876 1034 940 quam
1065 876 1202 922 necesse
1233 857 1286 920 est
1315 855 1414 941 loqui

132 950 281 1018 Pataeco
304 950 405 1033 igitur
427 951 615 1043 tribuamus
639 974 669 1017 u.
694 952 745 1019 34.
780 953 817 1019 ln
842 973 907 1038 quo
930 973 1031 1018 uersu
1055 957 1200 1019 exeunte
1224 952 1313 1019 Weil
1334 957 1414 1037 τάχα

132 1048 317 1135 suppleuit3
341 1050 394 1114 cui
410 1049 642 1135 supplemento
658 1049 913 1135 praeferendum
929 1052 982 1116 est
996 1054 1085 1135 ταχύ,
1107 1050 1196 1137 quod
1211 1050 1415 1118 Herwerden

131 1147 276 1214 coniecit
315 1145 354 1212 cf.
389 1168 418 1233 p.
445 1146 496 1212 94.
553 1147 624 1214 lam
663 1147 707 1213 ad
745 1147 944 1235 explendam
983 1170 1069 1234 quae
1111 1152 1218 1216 restat
1259 1150 1415 1215 lacunam

132 1245 257 1312 rectius
278 1265 380 1330 quam
399 1241 639 1335 <Π>[ολέμω]ν’
661 1247 847 1313 coniectum
863 1249 916 1312 est
932 1244 1098 1335 δ[ραμώ]ν,
1120 1247 1199 1332 quia
1213 1249 1245 1312 A
1268 1247 1416 1313 litteram

131 1352 278 1418 editores
313 1336 515 1434 distinguere
550 1352 614 1419 sibi
649 1350 851 1418 uidebantur
883 1338 947 1419 nec
980 1353 1123 1419 multum
1157 1354 1297 1421 interest
1327 1354 1416 1420 inter

131 1453 211 1518 det
243 1471 282 1516 a.
330 1449 395 1516 Sed
419 1470 637 1535 quaecunque
668 1449 746 1515 huic
776 1449 847 1516 loco
877 1449 1034 1517 iacienda
1064 1454 1117 1517 est
1147 1451 1320 1535 medicina,
1352 1452 1415 1517 hoc

131 1548 351 1615 manifestum
375 1551 440 1613 est:
463 1547 663 1614 Arcessituri
683 1551 763 1613 sunt
778 1546 992 1615 Polemonem
1016 1571 1091 1615 cum
1118 1549 1190 1635 ipse
1221 1551 1416 1637 priusquam

133 1635 276 1713 uocatus
300 1649 354 1711 est
383 1645 470 1711 ultro
498 1645 684 1712 reuertitur.
731 1649 779 1711 Ac
802 1646 1003 1713 uerisimile
1028 1650 1080 1713 est
1103 1646 1313 1714 auscultasse
1338 1669 1414 1715 eum

131 1744 176 1811 ab
201 1745 288 1810 ostio
311 1745 361 1809 ita
384 1746 423 1809 ut
445 1765 467 1809 a
490 1742 636 1809 Pataeco
665 1743 872 1832 Glyceraque
902 1766 971 1811 non
1004 1749 1202 1829 comeretur,
1227 1749 1416 1812 comeretur

130 1863 153 1908 a
182 1841 439 1929 spectatoribus
470 1844 552 1907 tunc
582 1862 662 1908 uero
694 1841 833 1907 simulac
863 1846 994 1930 patrem
1024 1864 1091 1909 non
1122 1842 1219 1910 modo
1252 1844 1317 1910 sibi
1346 1863 1415 1909 non

130 1941 231 2007 irasci
262 1961 379 2005 uemm
411 1940 513 2005 etiam
543 1938 659 2006 fauere
690 1938 945 2026 animaduertit,
978 1940 1137 2028 progredi.
1190 1941 1277 2008 Nam
1308 1940 1414 2022 aliter,

130 2060 192 2105 cur
221 2038 416 2124 priusquam
447 2038 628 2104 arcessitus
659 2042 712 2104 est
743 2059 806 2103 sua
829 2041 948 2124 sponte
972 2037 1096 2123 redeat,
1129 2040 1187 2105 uix
1217 2043 1331 2126 potest
1361 2040 1415 2104 in·

130 2135 253 2219 tellegi.
299 2136 371 2201 Iam
398 2156 483 2221 quae
515 2135 594 2200 dicit
616 2135 751 2202 Polemo
775 2158 806 2202 u.
823 2137 865 2202 35
882 2158 928 2222 sq.
952 2157 994 2203 ea
1024 2137 1239 2221 sagacissime
1271 2137 1415 2204 editores

129 2236 181 2300 sic
203 2234 426 2299 restituerunt

718 2332 799 2419 ollt’
825 2335 924 2398 ἔδυον
948 2331 1052 2420 [δ]πὲρ
1076 2331 1268 2421 εδ[πραξίας]

349 2428 524 2516 [Γλυκέραν
543 2430 640 2519 ὕπ]αρ
664 2429 868 2518 εὑρηκ[υ]ῖαν,
893 2435 950 2502 οὓς
974 2429 1060 2516 [οὐδ’
1089 2432 1149 2496 εἶδ’
1174 2431 1275 2519 ὄναρ],

347 2544 588 2634 π[υδό]με[νο]ς.
694 2545 733 2613 cf.
757 2545 894 2611 Philem.
917 2545 956 2611 fr.
981 2544 1044 2610 163
1068 2545 1106 2611 Κ.
1139 2545 1265 2612 ΟΑΕἯ
1294 2569 1324 2634 p.
1350 2548 1415 2614 525

128 2657 211 2718 αἰτῶ
236 2654 268 2717 δ’
300 2637 417 2735 ὑγιείαν
446 2637 575 2737 πρῶτον
605 2654 660 2718 εἶτ’
692 2655 864 2734 εὐπραξίαν
896 2654 930 2717 et
960 2650 1034 2718 ΕΗΓ.
1059 2651 1127 2737 Iph.
1151 2654 1248 2719 Taur.
1273 2654 1338 2721 518
1369 2657 1416 2728 ὡς

128 2754 255 2836 μήποτ’
281 2752 409 2834 ὤφελόν
433 2776 467 2834 γε
488 2753 571 2835 μηδ’
596 2752 675 2816 ἰδὼν
706 2754 785 2833 ὄναρ
818 2749 934 2837 SyneS.
967 2772 1015 2837 ep.
1035 2751 1058 2816 4
1080 2772 1110 2837 p.
1132 2751 1198 2816 640
1228 2751 1272 2817 in.
1295 2752 1414 2818 Herch.

131 2851 253 2920 ἰδόντες
275 2873 307 2913 τε
329 2849 384 2913 καὶ
406 2851 564 2921 παθόντες
587 2853 606 2913 ἃ
629 2851 713 2934 μηδὲ
736 2853 816 2934 ὄναρ
839 2851 1014 2933 ἠλπίσαμεν
1037 2849 1185 2916 Democr.
1209 2848 1299 2936 apud
1323 2850 1415 2917 Stob.

129 2946 198 3012 Ecl.
214 2945 245 3011 ll
262 2945 313 3028 9,3
346 2945 853 3032 t.11p.177,12Wachsmuth
882 2949 936 3012 καὶ
962 2950 1049 3031 ὕπαρ
1080 2949 1134 3012 καὶ
1158 2950 1237 3032 ὄναρ
1260 2951 1361 3033 χαίρει
1383 2976 1415 3015 τε

129 3047 186 3112 καὶ
203 3048 347 3129 ἔρρωται.
382 3044 490 3130 Etym.
506 3044 615 3127 Magn.
639 3065 664 3109 s,
680 3067 711 3110 u.
735 3048 821 3128 ὕπαρ
844 3066 874 3130 p.
891 3044 1012 3126 777,32
1035 3047 1121 3129 ὕπαρ
1138 3049 1199 3111 οὐκ
1215 3049 1294 3129 ὄναρ
1317 3046 1414 3113 ΡΙθῖο

129 3140 273 3211 Phaedr.
297 3163 326 3227 p.
344 3143 408 3209 277
420 3141 497 3224 D,E
524 3144 560 3207 τὸ
596 3144 718 3225 ἀγνοεῖν
753 3145 839 3226 ὕπαρ
872 3168 904 3206 τε
938 3144 992 3206 καὶ
1026 3145 1105 3224 ὄναρ
1141 3145 1274 3209 δικαίων
1303 3171 1335 3209 τε
1361 3147 1416 3210 καί

131 3243 256 3306 ἀδίκων
287 3244 367 3323 πέρι,
399 3260 465 3326 rep.
487 3240 515 3304 ll
545 3263 574 3326 p.
596 3239 704 3305 382ss
736 3243 807 3305 οὔτε
831 3241 946 3312 ἄλλους
977 3243 1126 3314 ἐξαπατᾶι
1149 3279 1192 3287 -
1208 3278 1253 3288 -
1269 3279 1310 3289 -
1334 3245 1414 3307 οὐδ’

130 3341 218 3423 ὕπαρ
242 3341 312 3403 οὔτ’
337 3341 425 3422 ὄναρ.
464 3338 501 3403 ln
526 3339 574 3403 eis
598 3359 684 3423 quae
709 3340 896 3423 sequuntur
918 3359 971 3402 res
996 3340 1048 3403 est
1069 3336 1224 3404 dilucida:
1247 3338 1431 3406 Pataecus·

132 3439 222 3503 enim
257 3438 368 3520 ὀρθῶς
403 3438 463 3519 γὰρ
497 3440 595 3519 λέγεις
630 3457 706 3501 cum
732 3437 820 3518 dicit,
850 3435 968 3501 laudat
998 3434 1137 3501 militem
1169 3435 1226 3521 qui
1255 3435 1415 3523 Glycerae

132 3555 280 3600 amorem
312 3537 347 3599 et
382 3533 571 3618 religiosum
609 3539 809 3621 gratumque
846 3534 881 3599 in
912 3532 993 3600 deos
1024 3534 1173 3600 animum
1204 3535 1414 3620 praestiterit

134 3631 199 3700 Sed
224 3653 298 3698 cum
323 3635 436 3717 ὀρθῶς
458 3635 556 3716 λέγειν
580 3634 681 3699 etiam
712 3632 799 3699 idem
831 3633 945 3699 ualeat
978 3653 1017 3698 ac
1045 3636 1179 3698 ‘uerum
1210 3631 1327 3698 dicere’
1351 3632 1415 3698 illis

133 3730 245 3795 uerbis
269 3729 409 3795 facetias
434 3731 599 3816 quasdam
621 3731 796 3817 iocumque
827 3732 938 3796 inesse
967 3751 1155 3813 cognosces
1201 3730 1288 3796 Nam
1320 3730 1414 3795 miles

133 3847 168 3892 re
191 3849 273 3893 uera
296 3827 404 3909 magis
428 3830 466 3893 ut
489 3829 671 3894 Pataecum
694 3828 825 3910 lugeret
848 3849 950 3915 quam
973 3831 1096 3893 utrem
1114 3829 1262 3894 diuinam
1278 3827 1413 3910 faceret,

90 3929 94 3939 '
135 3924 268 3991 domum
292 3926 441 3991 intrauit.
486 3924 603 4010 ltaque
634 3947 703 3990 non
736 3926 869 3991 omnino
903 3947 1019 3990 uerum
1051 3924 1144 4008 dixit,
1178 3924 1236 3991 sed
1268 3923 1415 4012 quadam

134 4027 263 4110 eparte
279 4025 442 4090 mentitus
459 4025 519 4090 est.
554 4022 624 4090 Nec
646 4044 715 4089 non
739 4046 769 4090 u.
787 4024 829 4090 38
846 4045 893 4109 sq.
916 4025 1006 4088 recto
1030 4024 1252 4088 restituerunt
1272 4021 1415 4090 editores

133 4121 315 4188 Britannici
340 4124 532 4206 comparato
556 4120 730 4189 Menandri
752 4121 790 4188 ir.
808 4121 873 4186 720
888 4120 928 4186 K.
951 4120 1033 4186 OAF
1048 4119 1092 4185 Ill
1115 4143 1144 4207 p.
1162 4119 1227 4185 205

517 4240 643 4304 παίδων
667 4241 720 4303 ἐπ’
745 4239 864 4322 ἀρότωι
887 4239 1024 4321 γνησίων

348 4338 469 4419 δίδωμί
489 4338 597 4419 σούγὼ
620 4337 677 4420 τὴν
700 4339 839 4420 ἐμαυτοῦ
863 4337 1023 4418 θυγατέρα

134 4461 173 4525 ci.
204 4464 337 4547 praeter
367 4459 457 4526 locos
489 4481 510 4526 a
541 4458 712 4528 Theodoro
736 4459 831 4527 Kock
861 4458 880 4525 l.
905 4481 929 4525 s.
961 4458 1100 4545 scriptos
1122 4458 1266 4546 Alciphr.
1290 4458 1347 4546 llp.
1364 4458 1414 4526 16

132 4579 162 4644 p.
178 4559 222 4625 46
246 4558 364 4625 Herch.
395 4580 425 4645 p.
446 4559 501 4642 7,2
529 4557 690 4644 Schepers
714 4561 750 4623 οἵ
765 4584 807 4642 με
831 4558 983 4642 ἐγγυητὴν
1008 4559 1178 4643 ἐπίκληρον
1209 4559 1259 4623 ἐπὶ
1288 4559 1415 4623 παίδων
