3098 4956
665 266 885 340 ...71-

140 442 293 530 inaliqua
303 441 404 508 huius
416 441 552 509 fabulae
568 463 692 509 scaena
707 444 842 509 uberius
858 464 932 510 esse
949 443 1157 531 disputatum
1175 465 1353 527 cognosces
1370 467 1413 512 ex

138 542 266 608 Terenti
281 539 365 606 Eun.
381 540 439 606 112
457 543 520 622 (uu.
537 541 602 606 232
624 546 712 627 sqq),
736 562 835 627 quarn
857 562 1013 608 scaenam
1035 540 1074 607 de
1098 540 1271 608 Menandri
1294 542 1412 610 Colace

134 640 212 706 Afer
226 637 401 706 transtulit
425 638 475 716 (cf.
492 638 562 706 Ter.
578 638 661 705 Eun.
681 639 742 722 30).
782 639 907 705 Deinde
931 639 972 706 de
994 662 1026 705 u.
1050 640 1093 706 52
1109 642 1245 706 ineunte
1262 640 1414 708 Britanni

132 737 216 803 haec
232 735 368 803 docent:
392 740 439 802 ’ἐκ
462 746 518 822 τῆς
540 739 665 809 πόλεως
684 737 713 803 is
737 760 781 803 an
798 737 937 804 obvious
953 739 1162 822 restoration,
1185 737 1248 804 but
1262 739 1289 804 it
1305 760 1414 806 seems

131 835 324 922 impossible
345 837 381 901 to
398 837 455 918 get
480 856 517 900 so
541 834 641 900 much
663 836 734 901 into
758 837 816 901 the
833 835 967 920 lacuna3
991 839 1112 920 ἀγορᾶς
1131 836 1160 901 is
1177 835 1248 901 also
1264 839 1300 902 to
1315 835 1414 921 long?

130 934 181 1000 Ac
205 932 296 1019 quod
318 933 385 999 Leo
410 934 541 1018 scripsit
564 937 677 1018 ἕντῆς
701 931 836 1022 [πόλεως
855 931 952 1022 μισ]ῶ
977 959 1010 999 σε
1034 955 1060 1000 e.
1078 955 1105 1020 q.
1123 955 1158 1015 s.,
1182 942 1267 1018 μισῶ
1283 960 1318 1000 σε
1332 956 1415 1002 num

129 1032 239 1118 possit
262 1033 353 1097 stare
370 1031 497 1097 dubito.
536 1031 622 1097 Nam
639 1034 718 1097 ante
735 1032 831 1095 ΩΣΕ
843 1032 990 1097 litteram
1005 1032 1226 1115 Pagnouisse
1259 1026 1427 1098 uidentur

130 1129 299 1212 Britanni3
323 1149 425 1216 quam
449 1129 605 1213 litteram,
638 1150 713 1194 cum
745 1150 830 1215 quae
862 1131 942 1194 sunt
971 1129 1097 1195 tradita
1124 1130 1413 1217 transcripserunt,

130 1227 319 1294 omiserunt
334 1225 477 1313 quidem,
500 1229 614 1293 tamen
630 1227 665 1291 in
680 1230 779 1293 textu
796 1228 852 1313 qui
868 1230 1009 1293 uocatur
1024 1228 1168 1313 positam
1185 1228 1232 1293 eis
1249 1227 1414 1313 cancellis

130 1324 254 1412 quibus
286 1345 374 1410 quae
405 1325 440 1390 in
471 1328 565 1390 carta
594 1346 663 1391 non
694 1328 815 1390 extant
843 1326 974 1391 litteras
1010 1325 1164 1391 exhibere
1196 1327 1315 1409 solent,
1347 1347 1415 1392 non
1448 1378 1452 1386 .

129 1424 349 1490 incluserunt.
388 1422 453 1488 Sed
477 1444 520 1489 ne
543 1422 662 1505 longus
687 1424 758 1505 sim
790 1445 859 1488 rern
891 1423 1151 1489 consideremus:
1175 1425 1209 1489 in
1232 1423 1304 1490 foro
1328 1444 1415 1511 quae

131 1523 333 1588 enarrantur
362 1520 468 1605 fiunt3
500 1521 595 1607 atqui
625 1519 828 1586 uocabulum
859 1524 961 1605 ἀγορά
988 1523 1098 1607 ipsum
1128 1522 1259 1607 probari
1290 1523 1418 1607 nequit

129 1619 218 1702 Ergo
250 1621 469 1705 expectamus
500 1619 599 1684 aliam
635 1618 803 1705 quandam
838 1621 916 1706 poni
955 1640 1080 1703 uocem,
1117 1640 1185 1707 qua
1217 1617 1327 1685 forum
1361 1618 1416 1684 uel

129 1717 196 1784 fori
217 1723 297 1805 pars
328 1716 542 1800 significetur.
582 1716 666 1796 Quid
697 1717 815 1804 plura?
854 1717 934 1784 Cum
965 1721 995 1782 τί
1020 1721 1178 1790 διδάσκεις
1208 1716 1298 1783 dicat
1329 1718 1415 1783 adu-

129 1816 264 1882 lescens
288 1816 390 1901 atque
414 1817 509 1880 totus
533 1814 626 1880 locus
651 1814 792 1881 colorem
824 1815 950 1881 haheat
981 1817 1147 1902 quendam
1174 1818 1213 1881 ut
1235 1815 1285 1881 ita
1309 1815 1417 1881 dicam

130 1912 410 2002 philosophicum,
443 1913 559 1978 statim
589 1914 624 1978 in
655 1916 803 1979 mentem
833 1914 928 1979 uenit
956 1914 1129 1980 clarissimi
1159 1914 1247 1979 illius
1277 1914 1350 1995 loci,
1382 1914 1418 1978 in

131 2033 199 2100 qno
224 2009 398 2077 Menandri
423 2013 537 2077 aetate
547 2013 569 2093 1)
594 2011 681 2077 Zeno
705 2011 923 2098 philosophus
946 2011 1100 2077 Citiensis
1132 2012 1247 2078 docere
1276 2011 1417 2092 solebat,

131 2111 175 2176 de
200 2129 266 2196 quo
289 2107 362 2174 loco
390 2109 462 2174 eius
495 2107 646 2195 discipuli
677 2131 799 2175 nomen
823 2112 1011 2176 traxerunt:
1042 2109 1206 2195 porticum
1229 2109 1320 2174 illam
1344 2108 1417 2174 dico

131 2228 237 2294 quam
268 2208 344 2273 στοὰ
375 2210 500 2292 ποικίλη
535 2208 712 2274 uocabant.
720 2209 742 2290 2)
789 2206 904 2294 Neque
927 2208 1080 2294 ineptum
1110 2207 1243 2273 uidetur
1274 2206 1416 2273 scribere

676 2332 735 2371 Ουκ
759 2332 831 2371 amit

350 2407 463 2488 ἕντῆς
487 2401 590 2493 [στοᾶς
618 2402 777 2493 helpone·
887 2407 948 2469 aut
982 2406 1132 2469 statuere
1168 2403 1417 2468 adulescentem

133 2525 178 2568 ex
202 2501 326 2567 ciuium
350 2502 601 2583 consuetudine,
610 2504 631 2585 ³)
656 2505 712 2589 qui
735 2501 871 2567 cottidie
895 2501 1051 2567 solebant
1071 2501 1106 2566 in
1128 2500 1186 2566 illa
1201 2501 1329 2586 porticu
1345 2521 1419 2565 am-

133 2601 262 2682 bulare,
287 2621 345 2686 por
367 2600 530 2686 porticum
553 2602 715 2666 transisse
739 2603 778 2664 ut
801 2600 926 2665 amicos
950 2597 1124 2679 salutaret,
1150 2598 1224 2663 aha.

244 2698 316 2764 Iarn
349 2696 392 2762 ad
424 2718 465 2763 ea
495 2719 582 2783 quae
606 2698 646 2765 de
677 2699 830 2764 uersibus
853 2698 985 2763 52-62
1010 2696 1207 2783 explanauit
1238 2695 1304 2761 Leo
1335 2694 1419 2760 nihil

135 2796 245 2863 habeo
272 2795 359 2882 quod
390 2816 481 2861 nunc
504 2795 636 2877 addam,
665 2797 731 2862 nisi
754 2797 842 2884 quod
865 2795 1008 2862 formam
1032 2799 1151 2880 ἑόρακα
1176 2796 1264 2880 apud
1287 2793 1419 2860 Atticos

136 2898 256 2982 poetas
291 2895 451 2960 usitatam
488 2893 592 2959 fuisse
621 2897 764 2977 constat,
797 2896 835 2961 ci.
858 2895 986 2961 Porson
1017 2894 1060 2959 ad
1084 2893 1159 2960 Eur.
1179 2893 1302 2959 Phoen.
1326 2893 1419 2957 1367.

136 2993 223 3059 Men.
246 2991 285 3058 fr.
303 2992 367 3059 337
384 2991 424 3057 K.
449 2992 530 3058 CAF
546 2994 588 3058 lll
611 3015 640 3079 p.
658 2994 701 3058 98

346 3101 501 3165 Ἄπολλον
525 3102 712 3184 ἀνθρώπων
734 3105 794 3165 τιν’
819 3103 1014 3182 ἀθλιώτερον

352 3199 507 3282 ἑόρακας;
535 3198 590 3281 ἄρ’
615 3201 737 3281 ἐρῶντα
762 3199 1047 3280 δυσποτμώτερον,·

140 3317 174 3380 et
188 3312 279 3400 quod
294 3335 350 3379 uu.
367 3314 410 3380 55
427 3334 474 3399 sq.
499 3314 664 3399 copiosius
681 3315 816 3379 enarrat
830 3310 1013 3378 Menander
1029 3309 1147 3377 eadem
1164 3332 1250 3397 quae
1266 3310 1419 3397 Diphilus

139 3412 173 3477 in
195 3409 315 3477 fabula
328 3412 501 3495 ΓΑΜΟΣ,
527 3433 628 3497 quam
651 3412 742 3476 haud
766 3413 815 3477 ita
838 3410 943 3476 multo
966 3412 1044 3495 post
1064 3430 1190 3474 annum
1214 3431 1242 3474 a.
1259 3408 1291 3475 C.
1307 3430 1338 3473 n.
1355 3408 1420 3473 307

141 3508 274 3576 doctam
297 3530 370 3574 esso
398 3509 554 3595 probauit
577 3510 769 3576 Theodorus
792 3509 949 3592 Wagner,
974 3508 1223 3595 ‘Symbolarum
1247 3507 1289 3573 ad
1313 3506 1420 3573 Comi-

141 3627 253 3674 corum
277 3605 478 3673 Graecorum
502 3608 675 3674 historiam
700 3609 847 3697 criticam
872 3608 983 3694 capita
1005 3606 1065 3671 lV’
1093 3629 1123 3692 p.
1140 3607 1192 3690 20,
1226 3606 1359 3671 breuius
1387 3605 1422 3669 et

142 3704 327 3789 elegantius
352 3705 435 3770 dixit
457 3705 495 3771 fr.
512 3705 556 3770 24
570 3706 609 3770 Κ.
635 3707 716 3773 CAF
731 3707 760 3772 ll
783 3730 812 3792 p.
829 3707 895 3774 547
1067 3707 1169 3789 ὁγὰρ
1192 3706 1292 3778 κόλαξ

353 3805 408 3868 καὶ
423 3806 596 3889 στρατηγὸν
611 3808 665 3869 καὶ
682 3807 837 3890 δυνάστην
852 3807 906 3869 καὶ
922 3807 1033 3888 φίλους
1049 3805 1172 3874 καὶτὰς
1187 3805 1291 3873 πόλεις

355 3904 519 3986 ἀνατρέπει
542 3905 641 3986 λόγωι
663 3906 851 3986 κακούργωι
872 3904 990 3986 μικρὸν
1017 3904 1137 3985 ἡδύνας
1164 3903 1290 3984 χρόνον.

248 3999 285 4064 ln
308 4000 557 4086 interpretando
582 4022 612 4066 u.
630 4000 672 4065 63
696 3999 896 4065 Fridericum
914 3999 1009 4065 Blass
1027 4001 1162 4064 secutus
1183 4019 1257 4062 sum
1281 3997 1338 4083 qui
1360 3995 1379 4061 l.
1396 4017 1421 4062 s.

141 4095 238 4163 haec:
267 4097 368 4162 ‘Abel'
391 4099 476 4163 eben
500 4098 587 4163 οὗτοι
610 4101 643 4163 δ’
668 4100 743 4163 εἰσὶν
774 4100 880 4169 αὐτοῖς
906 4100 1011 4162 ἄθλιοι
1042 4095 1120 4162 oder
1150 4098 1262 4160 (idirco
1292 4094 1421 4160 kdnnie

141 4195 261 4277 richtig
284 4195 369 4260 sein:
405 4195 494 4261 diese
531 4196 606 4262 sind
629 4196 680 4261 ihr
702 4196 879 4278 Ungliick',
914 4195 992 4260 licet
1027 4196 1108 4280 apta
1138 4214 1206 4258 non
1237 4192 1421 4257 inuenerim

250 4336 269 4404 ¹)
290 4337 421 4392 Colacem
453 4339 519 4407 post
547 4355 651 4392 annum
671 4355 696 4392 a.
719 4339 748 4392 C.
770 4338 823 4391 296
855 4340 949 4392 actam
969 4336 1052 4391 docet
1079 4335 1174 4390 Ericus
1202 4335 1300 4398 Bothe,
1329 4335 1421 4389 Herm.

142 4415 269 4472 XXXVII
289 4416 358 4471 1902
376 4434 403 4487 p.
416 4417 470 4470 278
481 4434 521 4488 sq.

251 4498 272 4564 l)
291 4497 328 4552 cf.
339 4497 466 4562 ludoich,
480 4498 678 4568 Topographie
691 4513 749 4551 von
762 4498 855 4552 Athen
869 4513 896 4567 p.
909 4495 962 4550 299
975 4512 1035 4568 sqq.
1059 4495 1248 4551 Wachsmuth
1262 4495 1279 4550 l.
1290 4510 1312 4549 s.
1325 4492 1419 4564 p.447.

251 4578 270 4648 ὅ)
290 4577 325 4633 cf.
343 4578 471 4632 Philemo
493 4578 526 4632 fr.
540 4578 608 4643 28,3
621 4578 655 4632 K.
675 4577 781 4632 CAFlI
799 4595 826 4648 p.
838 4576 899 4631 485.
