3098 4956
599 276 821 341 -95-

57 474 236 520 occurrere
260 453 359 519 testis
384 455 437 518 est
459 453 656 520 Athenaeus
680 453 757 519 XIV
780 475 810 540 p.
823 453 888 519 658
900 454 920 519 t.
946 454 1021 518 οὐδὲ
1045 454 1106 537 γὰρ
1134 457 1173 518 ἂν
1196 456 1283 538 εὕροι
1305 479 1349 526 τις

62 555 161 637 ὑμῶν
195 553 310 617 δοῦλον
342 553 495 635 μάγειρόν
522 576 589 616 τινα
618 554 651 616 ἐν
678 554 860 636 κοιμωιόίαι
892 553 975 634 πλὴν
1006 552 1094 634 παρὰ
1127 552 1350 617 Ποσειδίππακ

59 653 179 735 μόναι
227 649 335 731 Quare
369 649 440 736 ipse
463 648 598 715 Polemo
633 670 747 715 cocum
780 670 879 736 quem
908 669 1019 714 suum·
1037 648 1192 735 adpellet,
1225 648 1350 716 habere

65 769 135 815 non
157 749 280 834 potest.
325 747 395 813 Nec
417 745 506 812 Weil
530 769 605 813 cum
628 747 760 833 scripsit
865 751 883 812 ὃ
908 748 958 831 ὁ[ὴ
981 749 1088 831 πάρα]

654 848 807 929 μάγειρος
829 846 921 910 ἔνδον
944 847 1008 910 ἐστί

68 947 103 1010 et
127 942 231 1009 uertit
254 942 316 1007 ‘hh
339 943 416 1008 bien
448 963 566 1029 oeque
589 963 675 1009 nous
708 964 815 1009 avons
847 963 927 1008 sous
950 941 984 1008 la
1016 942 1120 1009 main:
1159 941 1182 1008 il
1212 963 1281 1029 ya
1303 964 1350 1008 un

66 1041 223 1108 cuisinier
255 1045 276 1107 a
306 1039 340 1106 la
368 1042 508 1106 maison’
538 1041 635 1106 nobis
671 1042 852 1128 persuasit,
887 1041 966 1126 quia
994 1061 1102 1126 neque
1130 1042 1201 1127 ipse
1230 1039 1353 1106 adtulit

65 1160 176 1225 neque
207 1160 270 1205 nos
301 1138 506 1225 repperimus
543 1137 623 1204 tahs
654 1138 898 1205 sententiarum
933 1141 1121 1204 structurae
1153 1139 1368 1225 exemplum.¹

66 1237 194 1303 eontra
217 1235 346 1302 adridet
370 1239 434 1302 ὁδ’
452 1239 517 1320 [ἀπ’
534 1239 663 1322 ἀγορᾶς]
689 1235 777 1323 quod
801 1236 921 1302 conicit
936 1235 1162 1303 Wilamowitz
1186 1235 1225 1302 cf.
1241 1234 1350 1302 Plaut.

65 1333 187 1401 Pseud.
204 1335 279 1401 800.
326 1335 452 1400 Tamen
481 1334 625 1401 fortasse
655 1335 758 1400 etiam
785 1335 920 1421 propius
948 1333 991 1400 ad
1013 1355 1131 1401 uerum
1154 1333 1350 1400 accedemus

65 1436 96 1499 si
124 1455 167 1500 ex
203 1433 279 1519 ipsa
312 1434 438 1499 comica
466 1433 608 1499 dictione
643 1432 778 1519 aliquod
806 1433 1074 1520 supplementum
1107 1432 1349 1519 arripuerimus

66 1532 182 1618 Atque
207 1531 326 1598 videas
348 1530 521 1596 Menandri
545 1532 581 1596 ir.
597 1531 663 1597 272
686 1530 725 1595 K.
742 1530 824 1597 (ΒΑΕ
846 1531 890 1596 ΙΙΙ
913 1553 943 1617 p.
961 1531 1003 1595 78
1325 1535 1330 1542 '

286 1631 373 1713 παρὰ
396 1637 460 1701 τοῖς
483 1632 727 1713 γυναικονόμοις
751 1630 786 1694 δὲ
804 1630 882 1702 ’τοὺς
904 1632 937 1694 ἕν
960 1637 1025 1701 τοῖς
1048 1633 1162 1713 γάμοις

284 1729 540 1808 ὄιακονοῦνταςῑ)
566 1729 811 1812 ἀπογεγράφθαι
833 1729 1020 1812 πυθόμενος

285 1827 404 1897 πάντας
426 1828 600 1909 μαγείρους
623 1827 703 1891 κατὰ
728 1826 830 1909 νόμον
852 1828 964 1891 καινόν
986 1851 1052 1890 τινα
1077 1846 1103 1892 θ.
1120 1848 1148 1912 q.
1166 1847 1191 1892 S.

65 1940 139 2007 Nec
174 1962 243 2007 non
281 1941 337 2006 aiii
372 1942 487 2007 comici
522 1939 564 2007 ad
599 1943 668 2007 coci
707 1954 812 2008 artem
849 1940 1063 2028 officiumque
1098 1940 1351 2023 significandum

65 2039 173 2105 uerbo
189 2041 344 2104 διακονεῖν
359 2041 511 2122 utuntur,
524 2039 632 2105 ueluti
644 2038 843 2126 Posidippus
859 2039 896 2104 ir.
913 2039 1019 2123 26,19
1035 2040 1074 2105 K.
1087 2038 1169 2105 dnh
1183 2038 1228 2104 111
1242 2061 1272 2125 p.
1285 2038 1350 2104 343

63 2136 149 2202 dicit
181 2138 391 2221 διακονοῦμεν
420 2144 479 2202 νῦν
518 2138 641 2222 γάμους
679 2140 714 2203 et
743 2137 953 2223 Hegesippus
981 2136 1351 2222 fr.1,1rK.0AF111

65 2257 98 2322 p.
116 2234 184 2300 312
213 2237 287 2300 ὅταν
320 2238 353 2300 ἒν
377 2236 580 2318 περιδείπνωι
613 2238 762 2320 τυγχάνω
796 2237 964 2301 διακονῶν.
1009 2235 1127 2322 Itaque
1163 2234 1274 2302 nescio
1307 2256 1352 2300 an

63 2334 140 2400 inre
165 2333 348 2419 scripserim

732 2433 750 2495 ὁ
775 2432 954 2516 ὂ[ιακονα”ιν]

283 2531 435 2613 μάγειρος
458 2532 551 2594 ἔνδον
575 2532 659 2595 ἐστί·
676 2530 732 2613 τὴν
755 2528 793 2594 ὗν
818 2530 954 2613 metrop

177 2646 301 2712 Restat
323 2646 363 2709 ut
386 2645 429 2710 ad
446 2645 579 2730 qualem
596 2665 714 2711 cenam
735 2644 964 2710 exornandam
988 2647 1023 2710 et
1045 2642 1134 2730 quod
1157 2644 1353 2710 sacrificium

67 2741 332 2830 perpetrandum
360 2741 496 2809 Polemo
530 2764 645 2809 cocum
674 2744 869 2809 conduxerit
900 2765 1110 2830 quaeramus.
1155 2742 1204 2808 De
1228 2764 1296 2829 qua
1317 2763 1352 2809 re

68 2839 300 2907 Wilamowitz
323 2863 353 2927 p.
371 2841 412 2906 31
437 2840 521 2906 haec
545 2840 636 2908 dicit:
660 2841 715 2907 ‘Er
737 2842 833 2908 hatte
858 2842 928 2908 sich
952 2841 1013 2908 das
1037 2841 1192 2908 Schwein
1216 2840 1354 2924 gekauft

67 2938 144 3004 und
167 2937 232 3004 den
249 2936 343 3004 Koch
367 2940 532 3022 gemietet,
556 2940 711 3023 lediglich
734 2963 791 3005 um
808 2962 849 3006 zu
873 2940 1031 3005 dinieren’
1057 2943 1092 3007 et
1113 2961 1143 3026 p.
1161 2940 1203 3005 32
1227 2939 1303 3005 adn.
1323 2939 1353 3003 1:

62 3034 306 3103 “Behanntlich
330 3037 413 3103 wird
445 3035 503 3102 der
525 3037 619 3103 Koch
642 3037 842 3122 regelmassig
869 3037 924 3103 fiir
948 3037 1012 3104 den
1035 3037 1209 3104 Einzelfall
1232 3037 1354 3103 heran-

63 3133 196 3217 geholt.
227 3133 299 3199 Dass
316 3135 407 3200 seine
420 3135 664 3201 Anwesenhcit
679 3134 749 3200 und
765 3136 817 3200 die
842 3136 933 3200 eines
950 3135 1147 3219 lebendigen
1160 3135 1353 3202 Schweines

72 3232 150 3298 dem
173 3230 352 3298 Pubhhum
385 3232 539 3298 offenbar
563 3233 667 3299 schon
691 3231 842 3299 bekannt
865 3255 946 3317 war,
979 3233 1074 3317 zeigt,
1107 3232 1171 3298 dafl
1195 3232 1354 3299 Polemon

67 3330 148 3396 eine
164 3329 381 3396 Festliehkeit
403 3331 607 3397 vorbereitet
629 3330 734 3396 hatte.
780 3330 859 3395 Man
884 3329 989 3396 dauht
1011 3330 1122 3416 leicht‚
1148 3330 1211 3396 dass
1236 3352 1271 3397 er
1294 3332 1355 3396 mit

71 3426 132 3492 der
159 3428 302 3495 Tochter
332 3427 390 3493 des
422 3428 571 3496 Philinos
594 3428 786 3513 Verlobung
816 3429 920 3494 ieiern
951 3426 1084 3496 wollte'.
1130 3430 1178 3495 Ac
1212 3429 1355 3516 primum

69 3524 210 3612 quidem
234 3526 298 3591 hae
327 3526 413 3592 duae
437 3529 626 3593 sententiae
649 3528 749 3613 plane
780 3527 867 3593 inter
890 3548 926 3593 se
958 3528 1143 3593 contrariae
1167 3548 1231 3613 quo
1256 3527 1353 3593 modo

74 3622 162 3689 inter
185 3645 221 3689 se
247 3623 500 3707 coniungendae
524 3629 585 3692 aut
618 3626 859 3692 consociandae
884 3626 959 3706 sint,
983 3647 1052 3692 non
1075 3625 1181 3691 uideo.
1227 3625 1354 3692 Deinde
1452 3709 1454 3713 ι

74 3719 208 3787 Polemo
233 3721 262 3786 si
286 3719 446 3787 ducturus
470 3727 542 3789 erat
558 3722 681 3788 Philini
702 3722 808 3789 fiham
833 3745 915 3789 sane
931 3746 1000 3790 non
1022 3724 1180 3806 habebat,
1203 3725 1355 3788 curtam

78 3819 291 3906 desperatum
314 3841 350 3887 se
373 3820 548 3907 praeberet
573 3823 699 3886 amissa
715 3820 864 3908 Glycera.
912 3823 1020 3904 Quare
1044 3821 1116 3888 ueri
1139 3824 1192 3887 est
1214 3821 1354 3887 similius

75 3915 168 3982 illum
190 3918 347 3983 nonnisi
370 3919 561 3985 conuiuium
585 3917 775 4005 adparasse.

180 4095 199 4164 ¹)
220 4094 255 4150 cf.
271 4096 339 4150 Ath.
351 4096 416 4150 XIV
428 4114 454 4168 p.
468 4096 546 4150 659d
565 4092 640 4149 οὐδὲν
658 4093 703 4148 οὖν
717 4091 750 4163 ἦν
761 4093 915 4168 παράδοξον
924 4095 946 4148 εἰ
958 4099 1003 4147 καὶ
1021 4097 1131 4161 θυτικῆς
1147 4090 1215 4162 ἦσαν
1233 4095 1354 4167 ἔμπειροι

72 4168 105 4226 οἱ
120 4171 278 4245 παλαίτεροι
295 4175 425 4246 μάγειροι.
443 4177 606 4247 προίσταντο
624 4182 686 4247 γοῦν
702 4181 748 4228 καὶ
771 4175 862 4246 γάμων
886 4180 931 4228 καὶ
955 4177 1064 4229 θυσιῶν.
1091 4172 1183 4246 διόπερ
1201 4173 1355 4248 Μένανδρος

76 4253 102 4306 ἓν
128 4252 233 4306 Κόλακι
260 4253 308 4308 τὸν
335 4255 390 4312 τοῖς
415 4253 598 4326 τετραδισταῖς
624 4255 826 4325 διακονούμενον
852 4255 977 4325 μάγειρον
1013 4253 1041 4307 ἐν
1067 4257 1111 4320 τῆι
1137 4259 1183 4321 τῆς
1209 4254 1355 4326 Πανδήμου

68 4329 226 4405 Ἀφροδίτης
250 4333 338 4405 ἑορτῆι
364 4337 438 4388 ποιεῖ
461 4341 537 4388 ταυτὶ
564 4334 673 4406 λέγοντα
691 4354 715 4391 e.
730 4353 755 4408 q.
769 4353 799 4402 s.‚
829 4353 919 4406 equo
946 4336 1009 4390 loco
1029 4353 1056 4390 u.
1070 4336 1103 4390 21
1129 4337 1178 4402 τὴν
1200 4331 1231 4389 ὗν
1248 4338 1353 4406 fficiam]

75 4431 173 4468 uerum
192 4432 254 4469 esse
273 4416 392 4487 adparet
405 4416 441 4473 ci.
453 4417 549 4472 Strato
567 4417 625 4472 inl
640 4417 673 4472 K.
689 4417 786 4487 l9sqq.
800 4417 869 4472 CAF
879 4417 918 4470 111
936 4433 963 4487 p.
976 4415 1037 4482 362,
1056 4417 1103 4472 ubi
1116 4433 1179 4471 erus
1197 4434 1355 4472 sermonem

72 4495 405 4630 dufflfferifflm
430 4513 498 4552 coco
519 4497 553 4551 de
578 4513 608 4550 re
629 4496 725 4551 diuina
748 4496 879 4552 faciende
898 4504 1018 4551 enarrat.
1057 4497 1093 4554 cf.
1111 4497 1206 4552 Posid.
1220 4496 1253 4553 ir.
1266 4497 1309 4563 26,
1322 4497 1356 4552 19

102 4615 109 4631 .
272 4592 298 4646 p.
366 4618 372 4632 .
