3096 4950
660 247 882 314 -47-

130 429 222 509 ἔσχεν
246 427 390 495 ἐπιεικῶς
413 423 448 487 τὸ
472 430 576 507 σῶμα,
600 426 753 508 λαμβάνει
777 431 918 506 γυναῖκα.
964 421 1081 507 Neque
1105 425 1158 488 est
1182 442 1239 487 cur
1261 443 1329 489 non
1353 421 1412 486 ad-

132 522 320 587 sentiamur
352 521 492 602 Georgio
523 520 643 586 Kaibel
674 521 730 606 qui
752 543 782 607 p.
805 521 869 586 158
898 519 972 586 adn.
997 521 1034 585 11
1061 518 1101 585 de
1133 520 1195 584 hoo
1226 518 1297 585 loeo
1329 521 1413 585 haec

134 619 289 685 adnotat:
313 618 363 683 ⁶V.
381 618 424 684 62
448 619 533 700 zeigt
557 619 614 684 der
629 618 743 685 Aerist
765 621 914 702 ἀνέστησε
938 620 1025 684 nach
1049 617 1094 684 all
1118 618 1183 683 den
1206 616 1412 702 Imperfecta,

131 716 197 782 dall
229 715 298 782 dies
331 715 391 781 das
415 716 571 782 Resultat
602 716 711 782 seiner
737 715 981 799 Bemiihungen
1012 716 1070 780 ist:
1106 719 1152 780 ‘er
1184 715 1322 781 brachte
1353 715 1412 780 ihn
1493 768 1497 775 .

131 814 257 880 wieder
280 814 340 880 auf
363 814 415 880 die
433 814 573 879 Beine.”
609 814 679 879 Nec
710 815 820 879 minus
843 814 928 879 bene
952 813 1070 900 pergit:
1095 813 1219 879 eDavor
1241 812 1343 896 kann,
1370 812 1413 878 da

132 913 186 978 ein
201 912 344 997 Partinip
370 911 440 977 sich
460 911 554 977 nicht
568 911 683 977 finden
699 910 779 993 lant,
804 932 868 976 nur
891 913 999 977 etwas
1017 912 1080 976 ude
1097 913 1210 995 χθιζόν
1226 910 1414 993 gestanden

131 1010 263 1076 haben?
296 1006 521 1099 <σ>[κά]ζ[ο]ντ’
546 1009 634 1074 enim
649 1013 804 1094 proptera
826 1009 885 1074 uix
907 1011 1026 1095 aptum
1046 1029 1120 1075 osse
1144 1007 1287 1092 uidetur,
1313 1008 1411 1093 qnod,

131 1118 160 1182 si
192 1115 392 1183 claudicaret
424 1115 636 1197 OleaenetuS‚
676 1114 767 1181 baud
797 1117 847 1181 ita
883 1115 1057 1197 diligenter
1088 1116 1118 1180 ei
1154 1135 1227 1180 esse
1260 1117 1413 1180 curatum

130 1214 354 1280 indicaremus
386 1213 425 1279 cf.
450 1234 537 1299 quae
564 1214 627 1279 hac
658 1211 698 1278 de
728 1235 764 1278 re
793 1213 932 1298 exponit
953 1212 1173 1299 Hippocrates
1204 1214 1276 1296 περὶ
1299 1215 1413 1296 ἀγμῶν

130 1311 216 1377 Med.
241 1310 293 1378 cr.
310 1310 416 1376 XXlH
438 1333 468 1397 p.
489 1311 532 1377 97
541 1332 588 1395 sq.
611 1310 711 1375 Kiihn
741 1313 775 1375 in
799 1311 911 1396 primis
934 1331 964 1395 p.
981 1310 1024 1377 98
1055 1313 1136 1376 ὥστε
1167 1313 1329 1375 λυσιτελέει
1359 1311 1413 1376 τὸν

129 1413 284 1494 μέλλοντα
306 1417 417 1481 κακῶς
440 1411 638 1493 ιἠτρεύεσθαι
661 1410 827 1492 ἀμφότερα
855 1417 1029 1492 καταγῆναι
1050 1409 1088 1472 τὰ
1113 1411 1223 1473 σκέλεα
1247 1410 1368 1491 μᾶλλον
1392 1413 1412 1492 ἢ

128 1508 166 1572 τὸ
191 1511 304 1590 ἕτερον.
350 1505 477 1572 Deinde
505 1503 615 1595 <>[ol]
638 1504 751 1595 ζ[ῶ]ντ’
776 1510 811 1571 et
840 1503 1026 1595 ὁ[ια]ζ[ῶ]ντ’
1051 1526 1137 1591 quae
1161 1526 1230 1571 van
1245 1506 1412 1571 Leeuwen

130 1617 166 1679 et
196 1612 376 1680 Haeberlin
411 1598 652 1699 suppleuerunt
683 1598 867 1698 displicent,
903 1612 982 1697 quia
1013 1612 1136 1678 desunt
1171 1612 1324 1698 exempla
1358 1611 1413 1678 nol

130 1711 256 1777 similes
279 1712 342 1778 loci
365 1732 426 1777 neo
448 1732 518 1777 non
540 1731 655 1776 senem
677 1711 792 1776 uiuere
816 1709 946 1775 disertis
967 1710 1078 1775 uerbis
1102 1709 1273 1775 adfirmari
1295 1731 1412 1796 super-

129 1830 321 1875 uacaneum
337 1812 397 1876 est.
420 1808 492 1874 Hoc
507 1810 622 1874 tamen
639 1807 682 1873 ad
698 1806 944 1873 defendendum
960 1807 1067 1873 Caroli
1081 1806 1260 1874 Haeberlin
1276 1807 1413 1895 supple-

131 1910 286 1972 mentum
309 1909 422 1992 potest
445 1905 578 1972 adferri:
611 1907 737 1971 seruari
759 1906 905 1971 litteram
922 1906 957 1970 Δ.
996 1904 1061 1971 Sed
1085 1926 1160 1970 cum
1182 1905 1246 1991 ipsi
1261 1905 1414 1972 Britanni

133 2014 237 2079 etiam
260 2015 291 2077 A
314 2012 370 2079 uel
392 2015 423 2078 A
445 2012 510 2096 legi
533 2034 631 2098 posse
660 2011 842 2092 docuerint,
873 2006 909 2077 in
931 1996 1003 2078 loco
1027 2015 1099 2077 tam
1121 2012 1246 2078 incerto
1270 2013 1308 2076 X
1328 2034 1412 2098 quo-

132 2132 198 2197 que
221 2111 323 2177 luisse
347 2132 454 2198 posse,
479 2113 528 2177 ita
551 2112 591 2176 ut
612 2132 695 2176 uera
719 2111 764 2175 sit
778 2108 910 2193 Georgii
929 2109 1050 2176 Kaibel
1074 2111 1265 2176 coniectura
1288 2112 1411 2195 χθιζόν,

131 2230 202 2274 non
225 2209 425 2292 negauerim.
459 2209 508 2273 De
532 2229 645 2274 eorum
669 2229 748 2273 nero
772 2206 983 2293 opinionibus
1007 2207 1064 2293 qni
1086 2208 1246 2273 traditam
1269 2206 1412 2273 litteram

132 2307 165 2370 Z
192 2309 412 2374 mutauenmt
445 2309 556 2372 tacere
591 2305 672 2370 mihi
705 2305 813 2371 liceat.
863 2304 934 2370 lam
961 2326 993 2369 u.
1017 2304 1060 2370 63
1088 2305 1258 2392 Myrrhina
1266 2307 1289 2388 1)
1314 2307 1413 2372 tanta

130 2403 196 2467 filii
224 2402 291 2469 lide
322 2403 449 2490 pietate
481 2402 652 2485 diligentia
682 2402 892 2468 humanitate
924 2406 1152 2487 commonetur
1174 2405 1350 2487 tantopere
1374 2407 1413 2469 ut

133 2500 300 2566 exclamet
329 2498 448 2590 [καῙλὸν
474 2498 615 2590 τέκν[0]ν.
654 2499 760 2580 Quam
785 2499 827 2566 ad
851 2500 1130 2566 exclamationem
1146 2499 1291 2586 quodam
1313 2499 1411 2567 modo

130 2606 309 2673 referenda
331 2610 411 2673 sunt
439 2629 480 2673 ea
510 2607 614 2673 uerba
637 2607 758 2693 quibus
788 2628 871 2671 usus
895 2610 1014 2674 Dauus
1039 2606 1158 2692 pergit3
1190 2627 1276 2691 quae
1307 2607 1412 2674 uerba

131 2707 169 2771 in
200 2708 293 2770 carta
325 2705 372 2771 sio
406 2708 485 2771 sunt
516 2708 683 2791 corrupta:
715 2704 1410 2789 NHTONAI’EYAHTAF’OYTQEEIss)

133 2804 246 2887 Atque
268 2802 343 2868 lulii
364 2801 477 2868 Nicole
501 2804 557 2888 qui
579 2804 667 2868 inter
682 2803 753 2866 EY
770 2805 804 2867 et
820 2803 941 2867 ΔΗΤΑ
965 2805 1076 2869 totum
1099 2823 1236 2868 uersum
1258 2803 1412 2869 interisse

133 2903 270 2986 putaret
300 2899 504 2966 sententiam
534 2901 808 2986 improbauerunt
839 2921 962 2966 omnes.
1013 2900 1106 2981 Quae
1137 2921 1238 2985 quam
1268 2922 1336 2966 non
1367 2903 1413 2966 sit

132 2997 206 3062 ueri
228 2997 344 3063 similis
367 2996 443 3063 inde
459 2998 598 3084 planum
612 2999 660 3080 fit,
685 2998 774 3083 quod
796 2998 868 3082 ipse
891 2998 986 3063 illum
1008 3019 1144 3064 uersum
1168 2997 1320 3084 supplere
1343 3020 1412 3065 non

133 3116 239 3160 ausus
270 3099 330 3161 est.
383 3094 581 3161 Medicinam
613 3098 727 3160 antem
757 3095 911 3161 fecerunt
941 3096 1018 3160 huie
1048 3094 1120 3161 loco
1153 3095 1305 3161 Britanni
1336 3117 1412 3161 cum

132 3193 338 3278 scripserunt
361 3193 395 3258 εὗ
412 3190 523 3282 ὂῆ<θ>’
548 3190 702 3281 οὑτ<ο>σί;
726 3213 788 3257 nec
811 3214 890 3259 uero
907 3215 972 3280 quo
996 3193 1094 3259 modo
1112 3214 1154 3258 ex
1169 3193 1233 3258 hac
1249 3193 1412 3279 scriptura

133 3310 176 3356 ca
206 3311 292 3376 qnae
323 3291 449 3356 tradita
480 3293 560 3355 sunt
591 3294 664 3356 orta
695 3293 811 3356 essent
841 3290 1115 3376 explanauerunt.
1162 3289 1290 3355 'lamen
1320 3290 1411 3357 haud

134 3387 185 3453 ita
214 3393 286 3454 erat
309 3387 448 3456 difficile.
494 3388 695 3474 Saepissime
719 3388 807 3454 enim
830 3388 952 3454 librarii
975 3387 1166 3453 scribebant
1190 3408 1248 3453 eas
1280 3386 1411 3453 litteras

133 3506 221 3571 quae
253 3489 350 3551 erant
376 3484 548 3551 elidendae
572 3486 611 3552 cf.
627 3509 658 3572 p.
674 3486 727 3570 30,
762 3486 896 3572 saepius
928 3485 1168 3572 apostrophum
1195 3506 1281 3572 quae
1309 3506 1407 3552 uoca-

133 3586 190 3648 tur
204 3588 396 3668 posuerunt.
426 3583 578 3649 Necnon
595 3587 749 3670 apertum
766 3587 819 3650 est
834 3585 976 3670 priorem
998 3605 1072 3649 esse
1088 3583 1181 3648 illam
1202 3584 1409 3669 scripturam,

132 3678 221 3746 hanc
244 3683 364 3766 postea
391 3703 412 3747 a
435 3681 515 3746 uiris
547 3681 653 3747 doctis
683 3683 866 3748 inuentam.
913 3681 976 3761 Qui
1006 3682 1107 3765 igitur
1137 3680 1215 3747 huic
1238 3681 1412 3747 Menandri

132 3776 270 3844 fabulae
294 3799 429 3865 operam
444 3777 535 3844 dedit
549 3779 835 3865 interpungendae
851 3781 885 3844 et
901 3777 1156 3861 distinguendae
1173 3780 1411 3862 grammaticus

134 3895 202 3941 non
224 3875 326 3941 nullis
349 3876 430 3942 locis
454 3877 577 3941 errauit
598 3877 649 3942 ita
679 3879 718 3941 ut
740 3876 1021 3963 praetermitteret
1044 3875 1133 3941 locos
1156 3899 1186 3962 p.
1204 3876 1246 3941 30
1270 3875 1410 3961 scriptos

134 3971 283 4059 aliosque
308 3995 421 4040 eorum
445 3974 568 4039 similes
591 3974 648 4059 qui
672 3977 792 4040 essent.
831 3972 947 4059 Neque
971 3993 992 4038 a
1015 3973 1086 4038 ueri
1109 3972 1324 4039 similitudine
1347 3974 1410 4040 ab·

133 4070 246 4137 horret
269 4070 409 4138 eundem
439 4092 514 4137 cum
537 4072 838 4137 AHTAOlTOZI
856 4072 1015 4156 scriptum
1038 4070 1188 4153 uidisset,
1216 4069 1305 4135 falsa
1327 4093 1410 4138 usus

134 4373 140 4386 Ι
242 4295 260 4361 ¹)
280 4294 441 4348 Philinuam
476 4294 547 4348 haec
581 4293 674 4349 dicere
704 4310 761 4348 non
789 4293 959 4359 crediderim,
991 4292 1057 4364 qnia
1087 4292 1170 4347 modo
1202 4309 1228 4348 u.
1253 4292 1289 4347 54
1315 4297 1411 4348 tacere

132 4377 428 4527 111888θέᾒῒόῦτ<ο>α<ι>
448 4454 515 4526 quin
533 4470 631 4508 nerum
651 4454 687 4508 eit
704 4469 788 4508 nemo
801 4454 949 4519 dubitabit,
968 4469 1021 4507 uec
1041 4453 1075 4506 de
1092 4451 1223 4508 itacismo
1243 4452 1290 4523 qni
1309 4453 1411 4509 dicitnr

133 4550 189 4589 nec
208 4534 243 4589 de
261 4553 275 4587 ο
295 4540 324 4590 et
342 4555 363 4587 ω
382 4534 506 4590 confusis
524 4535 612 4588 uerba
630 4532 724 4589 facere
743 4537 865 4607 oportet.
890 4533 928 4590 cl.
945 4533 1019 4606 pbl
1038 4533 1144 4590 admit.
