3098 4956
666 268 889 333 ..gq-

241 446 312 512 Iam
338 445 378 512 de
402 445 472 511 66
497 448 645 511 exeunte
668 466 736 511 non
752 445 843 532 prius
867 446 929 511 erit
949 443 1197 532 disputandum,
1223 465 1323 531 quam
1339 443 1418 532 quid

129 543 173 610 de
200 544 313 630 coqui
337 544 488 630 sequitur
504 542 549 608 sit
564 541 779 608 iudicandum
802 543 1037 610 inuenerimus.
1076 541 1194 609 Posuit
1217 544 1306 609 enim
1328 541 1417 609 idem

129 641 289 708 librarius
313 643 369 727 qui
393 661 493 727 super
516 641 584 706 66
608 640 817 728 paragrapho
833 642 945 726 posita
960 661 1177 727 personarum
1192 641 1416 707 mutationem

130 742 222 807 recte
261 739 396 806 notauit
429 737 516 804 infra
551 760 683 826 quoque
718 738 805 805 idem
840 739 981 822 siguum.
1038 739 1141 824 Atqui
1176 759 1262 824 quae
1297 741 1417 805 extant

131 860 162 904 u.
180 839 270 905 7-ss
295 837 399 903 uerba
428 836 552 903 nullius
585 858 659 902 esse
690 839 835 923 possunt
864 837 930 903 nisi
962 837 1008 902 eri
1034 835 1054 902 i.
1079 857 1105 902 e.
1128 835 1326 920 Polemonis,
1360 837 1417 922 qui

131 935 238 1002 etiam
261 935 330 1001 6.6
354 934 558 1022 pronuntiat.
604 934 700 1018 llrgo,
732 937 771 999 ut
793 935 993 1020 paragraphi
1023 934 1208 1001 habeamus
1239 934 1414 1020 rationem,
1498 1008 1500 1014 .

133 1033 327 1099 mutilatum
351 1053 470 1099 uersus
494 1032 514 1097 6
540 1033 667 1098 exitum
699 1031 840 1098 ancillae
870 1032 1067 1116 tribuamus,
1099 1033 1149 1098 ita
1178 1035 1233 1097 ut·
1248 1034 1309 1097 aut
1338 1031 1416 1097 inde

133 1132 176 1197 ab
199 1131 366 1197 EYTOY
383 1129 472 1196 illius
504 1131 609 1196 uerba
639 1131 810 1216 incipiant,
835 1130 936 1195 —id
960 1129 1047 1216 quod
1072 1150 1130 1216 per
1160 1131 1288 1195 cartam
1317 1129 1415 1196 licere

132 1227 288 1295 Britanni
322 1227 514 1312 adfirmant,
539 1267 584 1276 -
611 1231 673 1294 666
705 1229 740 1293 66
771 1229 845 1314 ipsa
878 1227 1009 1293 lacuna.
1062 1226 1136 1293 Hac
1165 1228 1223 1293 uia
1252 1227 1417 1313 progressi

132 1325 278 1392 editores
314 1325 497 1391 Britannici
532 1325 773 1413 suppleuerunt
808 1326 843 1391 εὖ
865 1325 963 1413 τοῦ[τ’
988 1329 1052 1391 ἴσθ’
1076 1322 1120 1413 εΗε
1144 1327 1234 1408 (Auri
1260 1324 1344 1414 ἰδού]
1381 1328 1417 1391 66

132 1424 347 1511 interpretati
370 1429 452 1489 sunt
475 1423 527 1490 ‘be
552 1445 628 1489 sure
661 1423 695 1490 oi
717 1424 803 1490 that.
837 1424 901 1489 Do:
924 1424 982 1489 l’m
1006 1423 1078 1489 off'.
1126 1423 1192 1489 Sed
1216 1445 1292 1489 cum
1315 1444 1417 1508 supra

131 1525 269 1595 ἀκόπως
292 1525 362 1597 ἄξω
385 1525 467 1605 τάχα
490 1523 797 1609 improbauerimus,
829 1522 883 1587 hic
910 1524 980 1587 ἰδού
1005 1521 1094 1607 quod
1125 1524 1254 1606 spectet
1285 1520 1328 1586 ad
1358 1520 1417 1587 illa

132 1620 247 1702 uerba,
281 1620 426 1706 recipere
456 1640 525 1685 non
555 1641 743 1707 possumus.
791 1620 883 1701 Quae
915 1641 984 1685 uox
1015 1619 1205 1705 ubicunque
1229 1618 1350 1702 legitur
1372 1658 1414 1666 —

133 1738 201 1784 non
226 1718 299 1784 dico
324 1716 364 1783 de
388 1717 429 1782 iis
451 1716 532 1784 locis
557 1718 614 1784 ubi
641 1739 710 1784 non
740 1718 804 1784 6666
829 1718 1021 1805 primariam
1043 1717 1148 1784 habet
1178 1719 1350 1784 notionem
1372 1755 1416 1765 -

136 1837 269 1903 semper
292 1816 335 1882 ab
360 1814 470 1900 aliquo
485 1817 731 1901 pronuntiatur,
757 1815 813 1902 qui
837 1818 898 1881 666
924 1815 1122 1882 mandatum
1137 1816 1235 1881 modo
1253 1815 1418 1902 acceperit

135 1910 1415 2000 mfflfflmQssfflffimemmewssffifflq

139 2012 199 2079 156
214 2034 261 2098 sq.
290 2012 353 2077 971
368 2033 415 2098 sq.
442 2011 535 2077 1161.
593 2012 679 2079 Nub.
704 2013 744 2079 81
760 2034 806 2098 sq.
839 2012 964 2098 225sq.
997 2012 1122 2098 635sq.
1153 2011 1218 2077 823
1232 2033 1279 2097 sq.
1334 2010 1415 2077 Ach.

137 2109 259 2195 582sq.
314 2109 717 2197 Ran.aoosq.1378sq.
744 2111 838 2176 1391).
884 2110 982 2197 Uesp.
1010 2109 1096 2175 1169
1105 2131 1152 2195 sq.
1183 2111 1244 2175 aut
1276 2108 1416 2176 daturus

139 2209 179 2274 sit
203 2209 240 2274 cl.
264 2208 433 2294 Aristoph.
457 2208 516 2295 aq.
533 2208 598 2274 909
611 2201 692 2274 ’6666
725 2210 821 2292 δέχου
849 2211 967 2293 κέρκον
990 2207 1047 2294 llq.
1064 2208 1130 2274 723
1138 2229 1185 2293 sq.
1232 2207 1313 2274 Ach.
1338 2207 1415 2291 434,

138 2305 199 2372 366
222 2306 307 2372 1666.
322 2306 389 2372 483
413 2306 511 2393 Uesp.
527 2306 592 2372 806
617 2308 679 2372 666
702 2327 788 2392 quae
811 2307 857 2372 sit
880 2305 1031 2372 facturus
1056 2305 1187 2371 disertis
1215 2306 1328 2371 uerbis
1354 2327 1415 2370 ex-

139 2404 251 2490 planet
282 2403 320 2470 of.
345 2404 513 2491 Aristoph.
537 2403 595 2490 ldq.
615 2405 700 2471 1166
724 2405 794 2470 ἰδοὺ
825 2408 918 2489 φέρω
951 2430 1001 2469 σοι
1031 2405 1124 2488 τήνδε
1152 2407 1312 2488 μαζίσκην
1342 2406 1415 2486 ἐγώ.

137 2503 183 2569 Ac
205 2504 235 2568 si
259 2503 333 2588 quis
364 2502 432 2568 tale
465 2502 589 2588 aliquid
620 2502 674 2569 hic
704 2524 788 2588 opus
820 2523 893 2568 esse
918 2501 996 2568 addi
1014 2503 1125 2584 neget,
1158 2502 1237 2586 quia
1260 2499 1415 2567 abeundo

137 2600 212 2686 quid
236 2600 320 2667 uelit
350 2601 435 2666 satis
459 2599 600 2667 dilucide
625 2601 842 2668 demonstret:
875 2599 1001 2665 habeat
1023 2598 1095 2664 sibi.
1134 2599 1181 2663 At
1204 2620 1262 2664 cur
1277 2597 1416 2664 tandem

137 2697 278 2782 Polemo,
311 2700 340 2764 si
362 2700 430 2764 iam
460 2720 550 2765 nunc
573 2699 640 2764 ista
671 2699 782 2778 abeat,
813 2699 881 2762 67
905 2699 1013 2783 βάδιζ’
1040 2695 1129 2762 dicat
1152 2696 1330 2762 obscurum
1355 2700 1415 2762 est.

137 2795 249 2880 Immo,
274 2817 316 2863 ne
340 2818 430 2863 nunc
447 2797 581 2884 quidem
598 2797 670 2863 abit
684 2797 751 2881 illa,
777 2795 836 2863 sed
859 2819 889 2861 u.
907 2795 927 2861 9
952 2794 1086 2861 demum
1102 2815 1225 2861 scaena
1242 2793 1415 2878 egreditur.

138 2894 228 2974 Quae
252 2915 329 2960 cum
351 2896 400 2960 ita
424 2894 501 2977 sint,
532 2895 706 2961 mittamus
730 2895 819 2986 hanc
843 2895 1069 2961 coniecturam
1093 2898 1127 2959 et
1150 2914 1215 2979 quo
1241 2892 1338 2959 modo
1362 2913 1416 2958 res

137 2993 391 3078 sententiaeque
410 2994 499 3058 inter
520 3014 556 3058 se
581 3013 729 3060 conexae
746 2993 815 3058 sint
831 2993 1091 3059 consideremus:
1116 3014 1146 3057 6.
1164 2993 1183 3057 5
1208 2992 1305 3057 Doris
1328 3012 1415 3056 nun-

136 3090 199 3156 tiat
234 3112 302 3176 qua
338 3091 529 3157 condicione
570 3089 712 3178 Glycera
745 3090 843 3156 militi
878 3090 1083 3157 reconciliari
1118 3089 1208 3156 uelit.
1266 3088 1416 3156 llandem

136 3191 275 3274 oportet,
298 3191 479 3275 postquam
501 3188 556 3254 ille
581 3188 807 3254 condicionem
831 3189 934 3254 subiit
958 3191 1017 3253 οὐκ
1042 3185 1231 3277 ἕνλίπο<ι>μ’
1257 3192 1297 3252 ἂν
1317 3189 1417 3252 οὐθέν

136 3285 316 3372 pollicitus,
350 3307 440 3352 nunc
471 3285 649 3351 adfirmare
681 3285 714 3351 id
746 3285 834 3372 quod
865 3286 919 3352 ille
950 3285 1138 3372 promiserit
1169 3284 1324 3350 sufficere
1355 3305 1417 3350 nec

136 3385 317 3471 quidquam
349 3386 427 3470 quin
466 3384 523 3451 illa
557 3388 747 3450 reuertatur
786 3406 860 3452 6666
896 3383 1142 3470 impedimento.
1197 3383 1417 3469 Aptissimum

136 3482 234 3566 igitur
249 3484 349 3565 esset,
368 3481 456 3568 quod
472 3482 633 3549 Dziatzlro
650 3484 757 3549 altera
771 3484 951 3550 uerborum
967 3481 1270 3548 distribuendorum
1286 3482 1416 3547 ratione

135 3600 236 3667 supra
259 3585 520 3647 commemorata
541 3603 624 3647 usus
649 3583 789 3648 coniecit
811 3582 846 3648 εὗ
869 3580 971 3669 τοῦ[τ’
990 3578 1158 3668 moreio}
1184 3579 1338 3645 66666166
1362 3599 1415 3645 res

135 3676 316 3745 accederet.
378 3678 565 3745 Adnotauit
608 3681 696 3744 enirn
733 3681 946 3762 sagacissime
981 3677 1082 3744 Weil:
1118 3679 1153 3743 ‘il
1192 3700 1245 3744 me
1290 3677 1416 3743 semble

136 3797 231 3842 assez
266 3775 401 3842 evident
433 3777 511 3862 qu'il
542 3800 565 3864 y
598 3779 692 3843 avait
723 3781 816 3844 entre
847 3779 882 3843 εὖ
914 3781 948 3843 66
979 3781 1096 3861 ὑπέρευ
1130 3798 1175 3841 66
1208 3779 1344 3862 rapport
1375 3774 1417 3839 de

134 3874 335 3957 gradation’3
371 3873 430 3940 sed
455 3877 566 3940 minus
599 3875 684 3940 bene
718 3874 851 3961 supplet
881 3876 916 3940 εὖ
947 3874 1060 3961 τοῦ[τ’,
1085 3874 1114 3940 ὦ
1138 3873 1226 3961 φίλη]
1262 3873 1417 3955 neglecta

134 3971 341 4059 paragrapho
366 3994 467 4058 quam
492 3971 693 4039 seruandam
721 3993 796 4038 esse
821 3973 1037 4038 ostendimus
1085 3972 1293 4038 Goniciamus
1316 3971 1417 4052 igitur

134 4068 260 4156 aliquid
286 4091 307 4135 a
330 4070 452 4136 Doride
477 4072 603 4138 dictum
626 4093 691 4157 quo
716 4070 811 4136 miles
843 4073 881 4135 ut
912 4070 1094 4135 maioribus
1126 4069 1228 4135 etiam
1259 4068 1416 4134 laudibus

136 4188 211 4232 eam
235 4167 357 4234 efferat
382 4173 643 4249 commoneatur,
668 4172 708 4234 ut
730 4168 874 4235 fortasse

455 4268 490 4332 εὗ
513 4267 622 4356 τοῦ[τό
645 4271 676 4351 γ’
703 4268 747 4355 :lb
772 4270 858 4350 (Alos)
884 4265 1025 4353 ἀπόχρη]

138 4362 177 4428 cf.
201 4364 370 4451 Aristoph.
386 4367 449 4430 Au.
469 4365 553 4431 1603
578 4369 649 4450 ἐμοὶ
670 4368 730 4450 μὲν
755 4368 881 4450 ἀπόχρη
906 4372 1009 4430 ταῦτα.
1073 4362 1197 4444 Quodsi
1221 4364 1292 4429 eius
1317 4384 1416 4450 quem

136 4461 363 4549 suppleuimus
387 4484 505 4528 uersus
529 4463 658 4529 numeri
681 4464 792 4528 minus
816 4463 987 4545 eleganter
1009 4461 1167 4528 uidentur
1183 4483 1257 4527 esse
1281 4483 1415 4549 compo-

137 4559 200 4640 siti,
225 4559 327 4626 uelim
351 4560 504 4627 conferas
527 4560 612 4627 Men.
628 4560 666 4626 fr.
682 4560 790 4644 481,6
815 4560 955 4626 66616
978 4583 1008 4648 p.
1027 4560 1090 4626 138
