3098 4956
663 257 885 324 -99-

129 430 198 498 1111.
224 431 312 499 Glor.
339 432 403 499 164
447 432 538 500 ‘ioris
562 435 753 521 concrepuit
774 436 851 501 binc
875 457 896 500 a
918 435 1027 501 uicino
1051 439 1150 502 sene?

339 531 406 596 270
451 530 529 597 ‘Sed
551 531 639 599 10100
664 535 862 619 crepuerunt
884 536 1030 600 nostrae’

338 628 406 694 410
451 628 562 695 ‘Fores
587 630 688 696 uicIni
710 631 864 717 proxumi
887 633 1096 717 crepuerunt,
1121 630 1352 698 conticisoam?

343 726 428 794 1377
451 726 539 793 ‘hinc
563 728 711 793 sonitum
734 727 885 795 lecerunt
905 727 1005 795 fores’

131 823 204 890 Ter.
229 823 330 892 Andr.
354 824 420 890 682
447 825 544 891 ‘Hem
568 824 624 891 sed
649 847 748 892 mane
772 826 899 913 crepuit
921 849 943 892 a
965 825 1115 914 Glycerio
1141 826 1283 892 ostium?

131 921 234 989 Haut.
260 921 325 988 173
745 941 747 945 ·
908 923 978 990 ‘sed
1002 922 1081 1011 quid
1105 926 1302 1010 crepuerunt
1324 923 1413 991 iores

446 1020 532 1087 Hinc
555 1042 577 1086 a
599 1021 676 1088 me?
711 1022 866 1108 quisnam
891 1021 1078 1105 egredItur‘?
1109 1021 1175 1088 huc
1198 1026 1411 1090 concessero?

262 1118 328 1184 613
448 1117 567 1202 Mane,
592 1140 704 1186 mane:
728 1118 876 1205 quidest
898 1118 987 1206 quod
1009 1122 1080 1186 tam
1104 1141 1126 1185 a
1148 1120 1244 1186 nobis
1266 1121 1414 1203 grauiter

980 1220 1179 1304 crepuerunt
1201 1216 1322 1284 fores‘l'

131 1313 193 1379 Ad.
218 1314 284 1381 788
445 1313 618 1395 ‘Quisnam
642 1336 664 1380 a
686 1336 739 1380 me
762 1314 890 1402 pepulit
912 1319 984 1382 tam
1006 1316 1153 1398 grauiter
1174 1315 1296 1381 fores‘I’

134 1411 274 1478 Accedit
302 1412 408 1499 ipsius
439 1411 612 1478 Menandri
642 1412 879 1497 fragmentum:
911 1412 1019 1480 Schol
1042 1413 1208 1500 Aristoph.
1239 1411 1324 1479 Nub.
1350 1412 1413 1478 132

132 1532 161 1597 p.
178 1510 451 1592 87b,6D1'ibner
472 1515 710 1595 παρατηρητέον
735 1513 770 1577 δέ
793 1514 839 1577 ὅτι
862 1513 912 1577 ἐπὶ
934 1512 993 1595 μὲν
1007 1518 1072 1576 τῶν
1088 1514 1212 1586 ἔξωθεν
1227 1513 1413 1595 κρουόντων

134 1611 286 1674 ‘admeto’
309 1610 437 1691 liparae,
469 1611 519 1674 ἐπὶ
550 1611 585 1675 δέ
619 1616 684 1673 τῶν
714 1611 839 1674 ἔσωθεν
871 1613 1026 1693 ’ψοφεῖν’.
1071 1613 1191 1682 ἱκανῶς
1214 1611 1248 1675 δὲ
1272 1611 1413 1675 διέστειλε

133 1707 328 1792 Μένανδρος
351 1708 401 1771 ε’πὶ
422 1708 483 1790 μέν
505 1714 570 1772 τῶν
594 1711 658 1782 έξω
682 1709 790 1791 εκόψω
805 1708 862 1792 τὴν
879 1709 998 1792 θύραν’
1023 1710 1129 1784 εἰπών,
1153 1709 1203 1772 ἐπὶ
1219 1709 1253 1773 δὲ
1268 1714 1332 1772 τῶν
1349 1711 1413 1773 ἔσω

135 1806 294 1890 “έψόφηκε
316 1805 373 1889 τὴν
395 1807 501 1889 θύραν
525 1808 632 1880 c’droic³
664 1809 700 1872 et
723 1804 843 1872 Suidas
868 1805 930 1871 sub
953 1826 1036 1871 uoce
1060 1808 1213 1871 ‘urimur”
1237 1809 1356 1877 ἱκανῶς
1380 1807 1414 1870 M

136 1904 277 1968 διέστειλε
300 1903 493 1985 Μένανδρος
524 1905 574 1968 ἐπὶ
600 1905 660 1987 μὲν
689 1911 754 1968 τῶν
785 1907 909 1979 ἔξωθεν
939 1905 1042 1987 λέγων
1072 1906 1181 1987 ’κόψω
1204 1904 1260 1987 τὴν
1283 1905 1413 1985 θύραν’,

137 2003 184 2065 ἐπὶ
200 2002 235 2067 δὲ
250 2007 315 2066 τῶν
331 2004 456 2066 ἔσωθεν
479 2003 556 2066 ‘dil’
574 2003 690 2085 έψόφει
704 2004 761 2067 καί
772 2028 818 2074 τις
832 2003 889 2086 τὴν
903 2003 1010 2085 θύραν
1026 2003 1143 2076 ἒξιών’.
1179 2002 1228 2067 Ac
1251 1998 1292 2066 de
1307 2001 1413 2087 priore

140 2099 270 2184 quidem
293 2097 482 2182 fragmento
505 2101 604 2184 κόψω
627 2102 683 2184 τὴν
705 2102 811 2184 θύραν
835 2098 883 2180 (ir.
899 2099 965 2165 866
977 2098 1016 2164 Κ.
1033 2098 1114 2165 CAF
1130 2098 1174 2164 Ill
1189 2121 1218 2186 p.
1235 2099 1310 2181 2291
1335 2118 1413 2164 con·

139 2199 215 2278 0101,
249 2196 290 2262 de
322 2196 426 2263 altero
459 2199 512 2262 est
542 2196 714 2263 dissensio.
759 2197 797 2263 In
829 2219 894 2284 quo
924 2196 1112 2280 fragmento
1144 2217 1219 2264 cum
1242 2198 1301 2263 uix
1324 2199 1414 2262 stare

138 2297 241 2381 possit
264 2297 397 2379 tempus
420 2296 658 2382 imperfectum,
684 2294 772 2381 quod
796 2294 885 2382 apud
909 2294 1046 2361 Suidam
1069 2295 1228 2381 scriptum
1252 2293 1412 2377 0111011100,

139 2396 236 2480 atque
268 2395 347 2478 apto
376 2414 479 2459 sensu
501 2392 600 2480 plane
624 2397 738 2484 careat
761 2393 948 2460 coniunctio
972 2395 1026 2458 nai
1049 2413 1136 2479 quae
1159 2391 1248 2479 apud
1272 2391 1414 2458 eundem

139 2489 263 2574 legibur,
288 2493 404 2575 ἐψόφει
418 2495 475 2556 καί
489 2494 678 2578 corruptum
695 2512 768 2557 0000
785 2512 828 2556 ex
843 2493 992 2575 ἐψόφηκέ
1008 2493 1160 2576 apertum
1176 2493 1238 2566 est,
1255 2491 1414 2577 quoniam

139 2589 253 2675 ‘epsofi
268 2587 326 2654 ke³
350 2588 493 2655 alterum
510 2589 652 2655 alterum
676 2587 851 2675 ‘epsofike'
875 2588 1164 2675 pronuntiabatur.
1202 2587 1297 2653 Unde
1313 2588 1414 2654 huius

137 2684 313 2771 fragmenti
336 2708 371 2752 10
395 2708 476 2753 0010
498 2687 561 2752 has
586 2689 700 2754 extare
722 2687 883 2754 lectiones
907 2706 1084 2770 cognosces

348 2784 469 2851 Schol.:
493 2787 642 2870 έψόφηκε
664 2786 720 2870 τὴν
743 2787 848 2870 θύραν
872 2787 965 2861 ἐξιών

348 2881 450 2949 Suid.:
490 2885 559 2948 ἀλλ’
586 2886 735 2969 ἐψόφηκέ
755 2910 801 2956 τις
822 2885 878 2969 τὴν
900 2886 1007 2968 θύραν
1030 2886 1133 2968 ε’ξιών,

136 3001 277 3068 quarum
307 2980 342 3045 in
373 2986 516 3067 utraque
547 3002 686 3048 numero
710 3003 779 3048 non
802 2984 883 3048 sunt
906 2980 1000 3047 salui.
1046 2983 1195 3047 Aecum
1217 3001 1317 3047 00000
1341 2982 1412 3046 dit*

134 3082 170 3145 01
197 3105 243 3152 τις
274 3099 360 3164 quae
392 3082 512 3145 extant
542 3078 632 3166 apud
656 3078 794 3144 Suidam
824 3079 1044 3165 interpolatas
1072 3101 1146 3146 esse
1168 3099 1266 3145 nemo
1290 3078 1335 3144 stt
1358 3079 1414 3165 qui

135 3180 240 3262 putet,
266 3177 353 3242 hanc
368 3176 491 3242 Suidae
506 3178 733 3243 recensionem
748 3178 883 3264 propius
899 3178 1018 3243 abesse
1035 3198 1056 3242 a
1071 3177 1225 3261 genuinis
1240 3176 1414 3242 Menandri

135 3275 247 3341 uerbis
270 3274 343 3340 luce
368 3278 421 3340 est
444 3274 573 3339 clarius.
620 3274 712 3355 Quae
736 3275 841 3340 uerba
863 3275 966 3340 101000

348 3374 417 3437 ἀλλ’
444 3374 591 3458 έψόφηκε
614 3375 670 3457 τὴν
693 3374 799 3456 θύραν
821 3399 866 3446 τις
889 3375 981 3448 ἐξιών

133 3471 203 3536 iam
219 3469 344 3537 Kirster
359 3471 387 3536 Η
404 3494 433 3558 p.
451 3470 516 3536 348
539 3473 628 3537 recte
652 3472 799 3555 agnouit.
837 3471 925 3537 Nam
939 3490 1113 3557 perperam
1129 3470 1235 3536 Oobet
1248 3469 1323 3536 Uar.
1339 3469 1413 3536 lect.

133 3591 163 3656 p.
180 3568 246 3633 216
259 3589 314 3654 οη,
339 3590 438 3654 quem
461 3568 556 3635 Kock
580 3569 621 3636 ad
642 3569 680 3636 11.
697 3570 759 3636 861
786 3569 867 3635 OAF
881 3569 925 3635 III
947 3591 977 3656 p.
994 3569 1059 3635 2211
1083 3571 1218 3636 0000100
1243 3571 1303 3652 001,
1327 3589 1413 3655 quae

135 3665 261 3732 tradIta
273 3677 354 3732 sunt
369 3669 565 3732 ‘extremam
578 3668 776 3735 barbariem'
789 3670 981 3746 uocauerat.
998 3688 1118 3754 nempe
1131 3667 1209 3753 quia
1220 3666 1414 3749 neglexerat

135 3763 225 3831 locos
257 3765 292 3829 in
320 3765 490 3831 Thesauro
520 3764 667 3832 Graecae
697 3765 832 3848 linguae
856 3766 931 3832 VIII
954 3766 1041 3833 1927
1073 3787 1097 3831 0.
1120 3787 1152 3832 0
1175 3773 1293 3849 ψοφεῖν
1325 3783 1413 3829 com-

135 3865 348 3946 memoratOS,
374 3864 412 3928 01.
428 3862 515 3929 Ρ101.
531 3863 621 3950 Popl.
638 3863 724 3945 20,4
748 3865 794 3928 ὅτι
816 3866 969 3929 κόπτουσι
991 3866 1045 3929 καὶ
1063 3870 1208 3948 ψοφούσι
1229 3863 1285 3935 τὰς
1308 3864 1414 3926 αὑτῶν

133 3963 249 4045 θύρας.
295 3960 422 4027 Heliod.
438 3962 452 4026 l
471 3963 510 4027 17
530 3983 561 4047 p.
579 3961 664 4044 23,5
688 3959 819 4026 Bekker
847 3963 903 4032 τάς
932 3986 964 4026 τε
994 3963 1100 4046 θύρας
1130 3962 1177 4032 ὡς
1204 3963 1249 4025 ὅτι
1270 3961 1413 4024 πλεῖστον

132 4060 309 4144 ἐψόφησεν.
365 4059 500 4125 Minime
534 4060 635 4143 igItur
669 4058 956 4145 comprobabimus
991 4058 1079 4144 quod
1114 4057 1217 4123 Cobet
1251 4060 1285 4122 et
1319 4055 1414 4123 Kock

130 4158 336 4243 scripserunt
360 4159 429 4223 ἀλλ’
448 4161 615 4243 ἑψόφηκεν
638 4161 657 4242 ἡ
682 4158 777 4241 θύρα.
800 4159 844 4228 τίς
867 4158 1001 4234 obirem
1026 4154 1092 4221 Sed
1114 4158 1153 4220 ut
1176 4153 1299 4237 redeat,
1324 4154 1413 4220 unde

130 4253 286 4336 digressa
316 4259 368 4322 est
396 4255 592 4341 disputatio:
623 4256 812 4341 quicunque
834 4275 904 4321 rem
928 4253 1188 4319 considerauerit
1212 4253 1270 4318 uix
1292 4253 1415 4340 poterIt

136 4350 289 4418 dubitare
313 4355 392 4439 quin
408 4375 440 4422 u.
455 4354 499 4419 29
515 4355 579 4420 hoo
593 4354 703 4440 ipsum
719 4353 860 4418 uerbum
875 4360 994 4436 ψοφεῖν
1009 4351 1179 4417 Interierit.
1224 4350 1341 4436 Itaque
1365 4351 1414 4417 010

135 4449 174 4516 de
211 4451 331 4536 quibus
367 4454 501 4518 constat
535 4450 654 4518 litteris
689 4449 864 4533 diligenter
898 4450 1040 4515 seruatis
1071 4448 1216 4515 fortasse
1246 4453 1335 4515 recte
1366 4448 1414 4514 sic

129 4549 340 4635 scripsImus:

1220 4654 1253 4708 7*
