3098 4956
176 1017 376 1124 Menandri
399 1060 520 1125 summi
543 1061 664 1145 poetae
681 1060 796 1125 comici
818 1060 1009 1143 fragmenta
1023 1063 1204 1146 postquam
1220 1059 1351 1145 collegit

68 1157 263 1222 Theodorus
278 1155 373 1222 Kock
396 1157 478 1222 GAF
492 1157 536 1222 HI
551 1178 581 1243 p.
599 1157 712 1243 3sqq,
736 1178 843 1243 nuper
866 1157 980 1224 multis
1003 1159 1149 1244 reIIquiis
1174 1180 1249 1225 cum
1273 1159 1352 1226 alibi

67 1258 142 1320 tum
172 1255 207 1319 in
242 1256 341 1320 cartis
365 1255 538 1340 Aegyptiis
573 1256 712 1341 repertis
743 1255 882 1322 feliciter
912 1259 1014 1322 aucta
1045 1277 1118 1323 esse
1152 1277 1252 1323 nemo
1283 1278 1352 1323 non

67 1352 202 1436 gaudet
249 1351 339 1433 Quas
362 1352 520 1439 reliquias
544 1375 619 1418 cum
643 1353 873 1438 tractabimus
898 1375 1191 1441 unumquemque
1216 1375 1351 1421 uersum

67 1450 360 1535 interpretabimur
390 1449 613 1537 iudiciumque
637 1454 803 1537 quantum
830 1452 1013 1538 poterimus
1036 1451 1253 1538 proferemus
1285 1473 1350 1539 quo

67 1547 166 1614 modo
182 1569 269 1636 quae
284 1551 472 1634 temporum
487 1569 663 1635 rerumque
685 1547 796 1614 deleta
812 1551 893 1614 sunt
907 1549 1095 1635 iniquitate,
1112 1570 1154 1616 ea
1168 1549 1352 1617 reficienda

68 1667 143 1712 esse
174 1667 379 1728 censeamus
414 1667 483 1712 non
517 1666 583 1733 quo
614 1648 688 1734 ipsa
722 1649 843 1732 poetae
875 1648 979 1713 uerba
1002 1648 1128 1734 passim
1152 1649 1351 1715 coniecturis

67 1744 207 1830 adsequi
223 1744 430 1826 studeamus,
455 1743 514 1810 sed
536 1765 590 1810 res
606 1746 641 1810 in
657 1747 779 1831 primis,
805 1746 992 1812 sententias
1009 1750 1216 1829 argumenta
1241 1748 1351 1833 Atque

66 1844 132 1908 hac
155 1842 290 1929 quidem
312 1843 347 1906 in
370 1863 405 1908 re
430 1843 458 1907 si
486 1863 553 1907 non
584 1863 758 1929 nunquam
788 1845 828 1908 ut
858 1864 976 1908 uerum
1006 1842 1222 1910 inueniamus
1253 1844 1350 1910 nobis

67 1962 136 2006 non
161 1940 343 2024 eontigerit,
375 1943 490 2006 tamen
514 1940 570 2027 qui
598 1939 722 2024 legant,
755 1960 813 2006 eos
844 1940 969 2027 aliquid
1001 1941 1098 2008 nobis
1121 1940 1351 2026 indulgentiae

68 2060 142 2104 esse
181 2058 397 2104 concessuros
435 2059 619 2125 speramus
659 2041 836 2125 propterea
874 2037 964 2125 quod
1002 2059 1045 2105 ox
1082 2037 1236 2105 frustulis
1270 2060 1349 2125 prae

68 2137 348 2202 Menandrearum
396 2134 587 2202 fabularum
629 2137 759 2219 ingenti
801 2156 940 2203 numero
979 2139 1052 2202 tam
1090 2137 1220 2221 exiguis
1262 2157 1350 2224 quae

68 2233 332 2320 praeclarissimo
378 2233 466 2299 illius
512 2235 644 2317 ingenio
692 2233 861 2318 elegantia
906 2238 1090 2301 uenustate
1136 2233 1237 2318 digna
1282 2235 1351 2301 sint

68 2333 259 2416 excogitare
276 2353 376 2419 saepe
393 2336 446 2397 est
462 2330 703 2416 difficillimum,
722 2353 823 2418 saepe
840 2331 1019 2415 difficilius
1037 2353 1139 2420 quam
1154 2335 1194 2398 ut
1212 2335 1349 2399 nostrae

69 2435 253 2516 suppetant
276 2431 399 2496 aetatis
423 2431 510 2496 uires
534 2434 637 2516 atque
662 2431 810 2497 scientia.

175 2530 224 2594 Ac
247 2530 390 2615 primum
415 2529 547 2613 quidem
574 2527 711 2594 fabulae
734 2529 888 2612 Γεωργός
903 2548 991 2614 quae
1006 2532 1148 2594 uocatur
1163 2528 1207 2595 87
1231 2549 1350 2595 uersus

67 2626 173 2692 edidit
194 2625 308 2692 Nicole
332 2627 388 2691 ‘Le
418 2627 597 2692 laboureur
627 2624 667 2692 de
691 2624 894 2710 Menandre’,
923 2625 1005 2692 Bale
1029 2628 1064 2692 et
1087 2624 1224 2693 Geneve
1252 2627 1350 2712 1898;

65 2747 151 2811 quos
174 2746 292 2790 uersus
316 2728 548 2790 tractauerunt

173 2822 270 2906 Weil,
296 2821 436 2888 Journal
458 2821 517 2888 des
541 2822 690 2889 Savants
715 2822 800 2887 1897
825 2843 855 2908 p.
872 2822 937 2890 675
950 2844 1019 2909 sqq.

176 2920 281 3003 Blass
305 2921 366 2986 Lit.
384 2918 564 2986 cente-131.
589 2920 675 2986 1897
701 2919 759 2986 col.
787 2921 872 2986 1648
881 2942 951 3008 sqq.

175 3041 205 3086 v.
222 3016 707 3100 Wilamowitz-Miillendorff,
742 3018 913 3084 Deutsohe
947 3018 1135 3102 Lit-Zeitg.
1167 3020 1251 3086 1897
1291 3019 1349 3087 col.

283 3115 369 3184 1734
381 3136 427 3200 sq.

174 3213 264 3296 Ellis
290 3212 450 3280 Classical
472 3213 613 3280 Review
635 3211 680 3277 XI
707 3211 792 3277 1897
815 3234 846 3298 p.
861 3213 926 3278 417
939 3234 985 3298 sq.

175 3312 268 3378 Platt
290 3312 332 3377 ib.
356 3333 385 3397 p.
402 3310 481 3394 418;
504 3309 648 3397 Kenyon
669 3309 712 3377 ib.
735 3332 765 3397 p.
781 3309 848 3377 453
861 3331 931 3397 sqq.

175 3409 328 3493 Schenkl,
341 3408 555 3475 IahresheIte
572 3407 601 3474 d.
616 3407 1072 3475 isterr.archaol.lnstitutsl
1087 3407 1172 3475 1898
1184 3431 1214 3496 p.
1225 3407 1269 3476 49
1279 3431 1348 3496 sqq.

174 3507 386 3590 Herwerden,
410 3506 494 3572 Berl.
510 3505 626 3574 Philol.
642 3506 879 3575 chhenschr.
896 3505 1004 3572 XVIII
1030 3506 1114 3574 1898
1138 3528 1167 3592 p.
1184 3508 1287 3594 eosq.

65 3605 183 3673 Paullo
215 3610 328 3673 autem
360 3609 446 3692 post,
479 3626 555 3671 cum
578 3604 675 3669 Blass
703 3604 723 3670 1.
745 3627 770 3671 s.
795 3627 879 3692 quas
910 3609 1072 3691 quattuor
1102 3626 1177 3672 esse
1207 3606 1348 3691 paginas

65 3705 174 3771 editor
195 3709 387 3791 putauerat,
420 3703 557 3770 easdem
588 3724 662 3768 esse
691 3702 775 3768 duas
800 3703 1109 3783 demonstrauisset,
1142 3704 1264 3769 iterum
1287 3702 1348 3768 hos

66 3825 185 3869 uersus
211 3801 384 3868 ediderunt
408 3799 556 3867 Grenlell
576 3801 724 3882 &Hunt
749 3800 961 3866 ‘Menanders
984 3802 1147 3885 Γεωργός,
1173 3821 1194 3866 a
1216 3800 1349 3867 revised

64 3902 153 3968 Text
175 3900 211 3968 of
238 3901 295 3966 the
319 3900 460 3967 Geneva
482 3898 682 3981 Fragment,
708 3898 831 3964 Oxford
858 3899 951 3964 1898.
998 3897 1088 3978 Quos
1119 3899 1209 3963 uiros
1233 3896 1348 3963 doctos

65 4021 143 4066 cum
165 3999 332 4086 permulta
353 3999 476 4065 rectius
500 3997 619 4080 legisse
644 4017 745 4081 quam
768 3997 909 4082 priorem
925 3995 1084 4062 editorem
1108 3995 1192 4061 satis
1216 3998 1349 4062 constet

64 4100 152 4164 inter
176 4118 300 4181 omnes
325 4098 454 4184 inipso
487 4095 663 4161 uerborum
695 4096 856 4161 contextu
880 4114 980 4181 quem
1003 4091 1118 4159 dicunt
1140 4093 1347 4160 restituendo

64 4217 135 4262 non
165 4197 230 4262 nisi
261 4217 303 4261 ex
334 4216 448 4262 eorum
479 4191 757 4280 proficiscendum
792 4199 844 4259 est
874 4190 1082 4258 lectionibus.
1128 4189 1289 4257 Necnon
1312 4191 1348 4257 in

64 4293 285 4360 adnotatione
302 4293 416 4360 crItica
432 4313 517 4379 quae
534 4294 676 4357 uocatur
691 4290 922 4377 componenda
938 4310 998 4355 eae
1013 4288 1160 4355 uirorum
1176 4289 1348 4355 doctorum

63 4413 168 4478 supra
205 4392 401 4477 scriptorum
446 4390 656 4456 coniecturae
702 4409 788 4474 quae
828 4411 849 4455 a
886 4387 1077 4453 melioribus
1116 4386 1348 4454 Britannorum

65 4489 266 4556 lectionibus
303 4488 480 4555 discedunt
522 4489 656 4553 omnino
692 4485 761 4553 fere
803 4490 884 4552 sunt
918 4485 1253 4574 praetermittendae.
1308 4487 1358 4546 ts,

1325 4560 1443 4652 ‘es-
