3098 4956
670 197 893 263 „33-

145 396 173 441 u.
188 374 228 439 31
245 395 292 460 sq.
315 373 426 440 uerbis
449 377 657 459 προσέρχεται
682 395 709 440 ε.
725 396 754 461 q.
772 396 796 440 ε.
821 396 925 441 causa
940 375 1112 442 adferatur
1128 375 1167 442 de
1184 398 1252 463 qua
1266 377 1422 443 Philinna

145 472 369 539 ostentatione
401 472 570 538 abstinere
603 493 643 538 ac
670 476 781 539 tacere
804 474 969 557 iubeatur,
1001 475 1141 540 uerbum
1163 479 1369 560 προσέρχεται
1392 475 1421 541 si

143 591 207 637 non
238 570 415 652 desiderat,
448 569 597 635 admittit
620 570 818 657 particulam
842 573 911 654 γὰρ.
958 572 1066 653 Quare
1097 593 1165 639 non
1194 572 1308 639 dubito
1341 574 1421 660 quin

142 667 293 755 supplere
316 667 428 733 liceat:
896 672 1102 754 προσέρχεται

357 763 427 854 [γὰρ
452 763 554 854 δεῦρ’]
563 768 585 846 1)
610 768 629 831 ὁ
651 768 808 850 θεράπων
833 769 868 842 ἕξ
891 771 993 850 ἀγροῦ
1009 769 1103 840 Altior·

142 865 176 930 ci.
199 864 368 949 Aristoph.
392 866 483 929 Aues
511 863 597 929 1414
628 866 648 928 ὅ
670 867 702 929 θ’
729 865 769 929 αὗ
799 867 975 948 μινυρίζων
1006 868 1102 950 ᾷεῦρό
1131 893 1175 938 τις
1205 870 1418 951 προσέρχεται.

140 963 208 1026 lam
232 962 340 1047 pergit
354 960 538 1048 Myrrhina:
565 963 670 1046 βραχὺ
684 960 687 1050 l
701 959 839 1051 τ[ηιὸ]<ὶ>
860 970 1072 1046 μεταστῶμεν.
1121 966 1197 1048 cordi
1220 966 1307 1030 enim
1330 971 1419 1030 recte

140 1067 273 1134 uidetur
303 1089 376 1134 esse
407 1069 614 1155 suppletum,
652 1053 816 1155 quamuis·
837 1068 950 1135 littera
985 1091 1071 1154 quae
1107 1073 1186 1136 ante
1216 1079 1419 1154 μεταστῶμεν

139 1167 264 1253 scripta
279 1164 345 1231 fuit
359 1166 400 1229 H
411 1187 484 1232 esse
505 1165 660 1232 uideatur
675 1166 857 1250 Britannis,
882 1166 922 1232 cf.
935 1167 1101 1253 Aristoph.
1114 1168 1245 1234 Thesm.
1261 1168 1344 1234 1223
1358 1190 1417 1254 sq.:

736 1291 795 1347 ποῖ
813 1285 898 1361 θεϊς;
923 1286 961 1348 οὐ
984 1286 1077 1348 πάλιν

352 1383 432 1464 τηιθὶ
456 1383 578 1459 θιώξει,·
600 1385 629 1453 ’ς
650 1384 826 1461 τοῦμπαλιν
849 1384 968 1465 τρέχεις
992 1384 1076 1465 σύγε.

138 1499 250 1583 Atque
274 1495 400 1580 eadem,
426 1517 501 1561 cum
516 1496 672 1561 Philinna
696 1518 753 1563 our
773 1496 994 1562 recedendum
1011 1497 1055 1563 sit
1070 1518 1138 1563 non
1153 1496 1335 1581 intellegat,
1361 1497 1419 1563 sed

138 1596 255 1660 contra
278 1593 367 1659 dicat
631 1598 679 1659 ’τί
700 1597 732 1660 θ’
759 1598 834 1679 ἡμῖν
858 1596 924 1660 cirri
945 1621 1002 1679 μοι

453 1690 601 1781 (τούτου)
623 1695 753 1776 pileati
973 1692 1077 1758 finem
1111 1693 1193 1759 facit
1226 1692 1420 1779 disputandi

136 1812 213 1857 eum
244 1789 423 1876 respondet
457 1792 557 1855 καλόν
588 1794 620 1873 γ’
646 1795 685 1855 ἂν
717 1794 773 1875 εἴη,
804 1793 842 1875 νὴ
866 1792 926 1855 Δία
957 1791 1024 1856 scil.
1052 1794 1270 1875 μεθίστασθαι.
1325 1791 1417 1872 Quae

134 1888 242 1954 uerba
264 1888 452 1975 Myrrhinae
485 1888 626 1971 abrogat
647 1887 769 1954 Kaibel
799 1889 818 1954 l.
843 1911 868 1954 s.
898 1912 928 1975 p.
947 1889 1010 1955 157
1039 1889 1114 1955 adn.
1139 1891 1172 1955 8:
1195 1889 1276 1957 .‘Die
1299 1889 1417 1956 Worte

134 1989 235 2052 καλόν
259 1989 291 2070 γ’
316 1990 356 2051 ἂν
379 1989 435 2069 εἴη,
458 1988 496 2070 νὴ
522 1988 580 2051 Δία
605 1987 667 2070 (34)
699 1987 771 2068 gibt
801 1979 881 2053 man
905 1987 962 2052 der
984 1987 1162 2074 Myrrhine,
1193 1986 1248 2052 fiir
1271 1986 1323 2052 die
1348 1987 1418 2052 sich

135 2085 190 2150 ein
214 2084 327 2165 Fluch,
358 2082 428 2149 und
459 2084 508 2150 sei
539 2107 574 2150 er
605 2084 692 2151 noch
717 2106 753 2151 so
777 2085 895 2166 urban,
928 2085 1012 2151 doch
1035 2086 1146 2168 wenig
1169 2085 1306 2151 sohickt.
1351 2085 1418 2150 Der

135 2183 220 2248 Sinn
236 2182 368 2247 soheint
383 2204 423 2247 zu
440 2183 511 2248 sein
536 2181 608 2249 ‘das
624 2182 751 2249 kdnnte
767 2185 829 2249 mir
845 2182 965 2266 gerade
981 2188 1115 2269 passen’
1141 2184 1219 2249 oder
1238 2183 1309 2248 edas
1326 2189 1417 2249 were

133 2280 223 2347 noch
247 2281 406 2362 sohdner’,
431 2283 522 2348 etwa
544 2281 609 2348 wie
634 2282 694 2347 das
718 2280 913 2347 lateinisohe
936 2280 1056 2346 ‘hercle
1081 2280 1213 2367 quidem
1237 2283 1338 2347 etiam
1354 2282 1418 2347 hoc

133 2380 253 2444 restat’
279 2379 359 2459 (Ter.
376 2377 437 2444 Ad.
456 2378 538 2462 190).
573 2378 686 2444 Sicher
710 2383 786 2461 sagt
809 2378 870 2444 das
893 2377 1066 2444 Philinna’
1106 2380 1151 2444 At
1174 2379 1257 2444 nihil
1280 2378 1416 2445 demon-

134 2477 298 2543 strauisse
321 2475 402 2540 mihi
426 2476 559 2562 quidem
582 2476 725 2542 uidetur.
771 2476 886 2562 Neque
911 2477 996 2541 enim
1022 2476 1126 2542 ullum
1151 2479 1264 2562 potest
1283 2476 1416 2562 reperiri

135 2573 326 2660 exemplum
343 2595 439 2661 equo
455 2576 554 2639 καλόν
572 2579 603 2658 γ’
619 2580 657 2640 ἂν
674 2579 719 2659 εἴη
738 2575 826 2640 hanc
839 2595 939 2660 quam
952 2573 1072 2639 Kaibel
1084 2575 1131 2639 eis
1142 2575 1254 2640 uerbis
1266 2573 1415 2638 uindicat

133 2673 307 2739 notionem
338 2673 473 2739 omnino
497 2673 621 2738 habere
645 2672 820 2758 adpareat3
851 2693 913 2738 nec
936 2672 1042 2738 dicere
1066 2674 1104 2758 νὴ
1129 2674 1188 2737 Δία
1211 2672 1415 2759 Myrrhinam

134 2768 294 2836 dedecere
318 2774 464 2854 constat3
487 2791 597 2856 neque
621 2772 650 2836 si
674 2772 879 2854 constaret,⁸)
903 2769 966 2837 hoc
990 2775 1223 2854 argumentum
1248 2770 1416 2836 sufficeret

133 2869 179 2936 ad
195 2866 373 2933 delendum
388 2889 608 2955 personarum
624 2871 822 2935 mutationis
839 2891 940 2956 quam
957 2868 1163 2955 adpellamus
1180 2869 1312 2952 signum
1326 2868 1415 2956 quod

133 2966 292 3032 distincte
316 2970 369 3032 est
392 2965 563 3048 traditum,
593 2966 652 3032 sed
676 2966 893 3032 statuendum
919 2972 1009 3032 esset
1031 2967 1233 3053 Myrrhinam
1258 2966 1415 3051 temporis

133 3063 321 3130 discrimine
346 3067 547 3130 commotam
571 3063 695 3149 aliquid
720 3063 808 3148 qnod
832 3065 942 3129 minus
967 3085 1041 3130 eam
1065 3063 1196 3130 deceret
1219 3065 1334 3130 dicere.

242 3161 466 3228 Transeamus
491 3161 532 3227 ad
558 3182 714 3227 scaenam
730 3161 821 3225 illam
838 3183 905 3247 qua
920 3162 1037 3226 Dauus
1054 3183 1171 3227 seruus
1187 3160 1415 3244 introducitur,

243 3375 262 3445 ¹)
282 3375 362 3444 Quod
385 3373 435 3446 γὰρ
462 3376 491 3430 in
515 3392 598 3430 uersu
622 3375 737 3430 ineunte
756 3375 946 3446 suppleuimus
966 3374 1036 3429 nihil
1055 3375 1143 3429 habet
1160 3374 1329 3430 offensionis
1348 3375 1415 3446 quia

131 3455 221 3511 etiam
240 3451 268 3507 δὲ
285 3455 431 3526 particula,
450 3455 479 3510 id
493 3456 568 3527 quod
581 3456 737 3511 Fridericus
750 3456 829 3511 Marx
841 3472 886 3510 me
899 3457 1004 3520 monet,
1023 3471 1120 3510 uersus
1132 3455 1223 3525 prime
1235 3454 1301 3510 sede
1313 3455 1415 3524 legitur

130 3536 163 3591 in
182 3534 342 3605 fragmento
369 3536 528 3606 nuperrime
547 3553 564 3590 a
582 3537 667 3591 Petro
686 3536 812 3606 Jouguet
830 3535 906 3590 edito
926 3535 996 3589 Bull.
1011 3535 1135 3606 Corresp.
1148 3535 1218 3589 Hell.
1233 3533 1303 3590 1806
1321 3552 1348 3606 p.
1363 3533 1414 3588 114

129 3615 253 3680 111u.e;
273 3615 308 3670 de
327 3631 381 3686 quo
399 3615 560 3686 fragmento
581 3617 656 3687 quod
675 3614 821 3670 Menandri
839 3618 937 3685 potest
956 3631 1026 3680 esse,
1047 3632 1109 3670 cum
1128 3619 1280 3686 postquam
1299 3615 1335 3668 ad
1352 3630 1412 3667 um-

129 3694 248 3750 bilicum
274 3695 348 3749 hanc
372 3695 600 3750 dissertationem
626 3696 729 3750 adduxi
748 3696 777 3750 in
795 3696 938 3766 publicum
956 3695 1124 3766 prouenerit,
1149 3712 1224 3749 nunc
1243 3711 1327 3764 agere
1345 3693 1414 3748 mihi

130 3776 190 3830 iam
215 3792 273 3830 non
298 3775 372 3830 licet.
409 3775 527 3831 Accedit
546 3777 621 3848 quod
648 3776 734 3830 etiam
760 3772 831 3827 ἐστιν
849 3776 965 3829 ineunte
985 3791 1067 3830 uersu
1085 3775 1206 3845 ponitur,
1232 3774 1267 3828 de
1285 3791 1341 3845 quo
1360 3790 1413 3828 usu

130 3854 316 3927 Mpfflm

240 3936 259 4005 ¹)
280 3935 316 3990 cf.
326 3935 455 4006 Diphilus
467 3936 583 4004 Σινωρίς
595 3935 629 3990 fr.
643 3936 685 4001 78,
699 3935 731 3990 10
740 3935 774 3989 Κ.
794 3934 862 3988 CAF
875 3935 900 3988 ll
913 3952 940 4005 p.
953 3934 1005 3989 565
1018 3935 1046 3986 σι’
1063 3931 1091 3986 δέ
1111 3954 1152 3986 σοι
1168 3931 1242 4002 μέλει
1261 3934 1308 4005 qui
1325 3937 1413 4005 poeta

132 4014 233 4069 eadem
257 4015 353 4086 aliquo
378 4032 462 4070 uersu
487 4020 609 4070 exeunte
633 4015 693 4069 eius
717 4015 831 4070 fabulae
857 4014 966 4068 dixerat
990 4015 1024 4068 de
1043 4031 1100 4085 quo
1117 4015 1277 4068 Rudentem
1294 4015 1413 4069 Plautus

131 4093 844 4246 expressiitAitudel’ledtliqulrlnidertellldieiitlilrin
867 4191 897 4229 re
921 4191 989 4229 uera
1008 4177 1154 4229 matronae
1173 4177 1310 4245 quantum
1330 4175 1412 4230 uideo

130 4271 189 4310 non
208 4254 305 4309 iurant
322 4255 378 4311 nisi
396 4271 446 4325 per
459 4255 604 4310 Castorem
618 4258 647 4310 et
658 4256 815 4320 Pollucem;
836 4255 925 4309 ueluti
943 4257 1073 4310 matrona
1086 4254 1155 4309 dicit
1171 4253 1300 4309 ‘ecastor'
1319 4255 1411 4309 Plaut.

130 4333 199 4390 eisc.
217 4333 272 4388 668
301 4335 373 4389 Men.
392 4335 446 4389 618
478 4335 541 4390 Cas
564 4336 614 4389 182
642 4336 744 4405 Amph.
764 4336 817 4390 508
843 4335 917 4400 alibi,
942 4335 1021 4389 Asin.
1039 4335 1100 4402 864,
1131 4333 1291 4390 ‘mecastor’
1315 4336 1411 4389 Plaut.

129 4413 193 4468 Aul.
207 4415 257 4469 172
277 4415 349 4470 Men.
358 4415 413 4470 734
431 4416 492 4470 Cos.
505 4416 556 4470 172
569 4418 719 4487 utrumque
735 4415 802 4470 alibi
817 4415 1000 4471 sescentiens.
1024 4412 1143 4486 ‘edepol'
1156 4415 1249 4470 Plaut.
1261 4415 1348 4472 Stich.
1360 4415 1409 4469 111

129 4493 193 4549 Ter.
211 4494 278 4550 Hoc.
297 4493 359 4550 274.
378 4495 431 4549 568
449 4495 525 4550 alibi.
562 4493 627 4567 ‘pol'
646 4495 760 4566 passim.
799 4495 834 4550 cf.
854 4495 933 4561 Gell,
952 4495 1018 4550 N.A.
1038 4495 1077 4550 XI
1086 4496 1111 4551 6.

174 4589 343 4635 Kretschmar.
1217 4583 1235 4638 3
