3098 4956
723 281 767 289 —
813 241 877 307 108
924 279 967 288 --
1047 232 1051 248 ’

203 424 234 488 εἶ
246 419 290 508 ηιμ
305 421 463 502 Reinach‚
481 420 598 486 Revue
622 418 681 485 des
696 418 823 485 Etudes
837 417 1004 504 Greoques
1020 416 1050 482 V
1074 417 1159 484 1892
1181 442 1211 506 p.
1229 417 1303 507 325,
1329 422 1387 507 qui
1409 420 1487 487 inde

205 520 248 586 ab
272 523 413 605 έμβαρος
437 539 563 584 nouum
587 538 722 583 uersum
744 516 889 604 incipere
913 516 1102 582 arbitratur.

967 617 1027 679 οὐκ
1055 618 1205 701 ἔμβαρον.

419 711 484 804 <τ>ί
510 717 668 799 ἔμβαρος;
699 709 911 802 ἀρχαϊσμδ<ς>
935 711 1028 784 οὗτος
1051 716 1206 797 ῥημάτων

205 812 308 879 Koek.
366 808 580 901 ἀρχαϊσμὸ<ς>
618 810 1068 898 Papadopulos·Kerameus
1105 812 1140 876 in
1179 811 1325 879 editione
1364 811 1488 879 Lexici.

204 912 383 995 ἀρχαϊσμὸν
409 909 478 975 cod.

311 1071 350 1136 ln
373 1071 437 1137 hoe
459 1070 646 1153 fragmento
671 1069 751 1155 quin
775 1066 987 1159 ἀρχαϊσμδ<ς>
1004 1069 1096 1142 οὗτος
1119 1073 1274 1156 ῥημάτων
1290 1092 1409 1137 uerum
1433 1072 1488 1155 sit,

203 1170 263 1234 uix
286 1171 339 1235 est
362 1169 419 1256 qui
444 1167 584 1251 dubitet,
610 1167 669 1234 sed
693 1170 805 1234 cetera
828 1167 1024 1234 difficillima
1040 1170 1128 1233 sunt.
1163 1168 1211 1234 De
1235 1169 1358 1255 quibus
1379 1169 1488 1255 prius-

204 1287 306 1353 quam
330 1267 465 1332 omnino
489 1268 602 1353 potest
621 1265 769 1350 iudicari,
795 1265 835 1331 de
858 1286 940 1331 uoce
964 1269 1107 1351 ἔμβαρον
1123 1288 1325 1352 quaeramus
1349 1289 1488 1334 necesse

206 1366 266 1431 est.
313 1365 363 1431 Αα
401 1363 504 1430 uelim
536 1362 690 1430 conferas
725 1384 811 1450 quae
847 1362 887 1428 de
919 1385 961 1430 ea
990 1364 1132 1430 tradunt
1154 1363 1356 1431 Eustathius
1380 1364 1488 1432 Schol.

203 1461 298 1530 Hom.
314 1464 346 1526 B
370 1462 436 1528 732
459 1485 488 1549 p.
507 1462 569 1528 331
588 1461 662 1526 =I
684 1483 714 1548 p.
732 1461 864 1544 268,39
888 1461 1004 1528 Stallb.
1029 1464 1064 1527 et
1087 1461 1208 1528 Suidas
1225 1484 1249 1529 s.
1266 1485 1297 1529 u.

917 1590 1129 1672 εμβαροςεῑμι

249 1688 267 1750 ὁ
292 1687 321 1751 δ’
339 1687 442 1757 ἀὐτὸς
464 1686 651 1756 Παυσανίας
679 1683 726 1766 (fr.
754 1685 816 1750 163
871 1686 911 1769 ἦν
923 1687 1078 1770 πρότερον
1091 1688 1110 1751 ὁ
1124 1686 1292 1770 Πειραιεὺς
1301 1695 1398 1771 νῆσος
1410 1689 1491 1752 ὅθεν

205 1782 369 1861 Schwabe
392 1806 422 1870 p.
440 1783 515 1865 157)
539 1786 656 1866 ἱστορεῖ
675 1785 731 1848 καί
750 1808 817 1848 τινα
871 1784 925 1847 καὶ
962 1785 1104 1867 τοῦνομα
1149 1786 1276 1868 εῖληφεν
1323 1786 1388 1848 ἀπὸ
1431 1792 1489 1849 τοῦ

198 1881 365 1966 Ἔμβαρον
403 1883 454 1946 ε’πὶ
487 1884 576 1966 εὐχῆι
614 1884 816 1965 σοφίσασθαι.
873 1880 1104 1966 διαπερᾶν·οὗ
1131 1882 1168 1946 τὰ
1197 1884 1281 1966 ἄκρα
1308 1883 1491 1966 Μούνυχος

204 1981 353 2063 ἱδρύσατο
390 1982 464 2063 γάρ,
499 2005 590 2064 φησι,
628 1981 818 2064 Μουνυχίας
871 1980 1042 2063 κατασχὼν
1079 1981 1270 2064 Μουνυχίας
1303 1981 1491 2064 Ἀρτέμιδος

203 2078 386 2161 Ἀρτέμιδος
409 2079 502 2162 ἱεράν.
872 2077 958 2161 ἱερὸν
980 2078 1138 2161 ἱδρύσατο.

249 2178 368 2259 ἄρκτου
394 2176 429 2239 δὲ
457 2179 631 2259 γενομένης
658 2179 692 2241 ἐν
720 2178 818 2242 αι’ντῶι
917 2179 1035 2260 ἄρκτου
1065 2176 1100 2240 δὲ
1127 2178 1300 2260 γενομένης
1328 2178 1361 2240 δν
1389 2178 1491 2242 αὐτῶν

203 2275 258 2338 καὶ
288 2274 351 2338 ὑπὸ
379 2274 564 2358 Ἀθηναίων
598 2276 818 2358 ἀναιρεθείσης
871 2275 925 2338 καί
933 2274 997 2338 ὑπὸ
1005 2281 1069 2338 τῶν
1081 2274 1491 2359 Ἂθηναίωνάναιρεθείσης

203 2372 315 2455 λοιμὸς
345 2375 521 2454 ἐπεγένετο,
560 2370 599 2436 οὗ
634 2374 818 2457 ἀπαλλαγὴν
871 2369 1018 2460 λ<ο>ιμδς
1041 2375 1211 2454 ἐπεγένετο,
1240 2372 1279 2437 οὗ
1303 2374 1491 2457 ἀπαλλαγὴν

204 2470 324 2541 ὁθεδς
347 2472 617 2555 ε’χρησμώιδησεν,
646 2474 740 2542 εἴτις
761 2472 817 2553 τὴν
873 2472 891 2534 ὁ
914 2471 992 2541 θεὸς
1008 2472 1149 2554 ἔχρησεν,
1174 2473 1213 2535 ἀν
1235 2496 1279 2542 τις
1305 2472 1363 2555 τὴν
1385 2473 1490 2554 θυγα-

202 2570 364 2653 θυγατέρα
416 2571 510 2634 θύσει
561 2577 610 2653 τῆι
654 2569 817 2653 Ἀρτέμιδι,
871 2571 946 2651 τέρα
961 2569 1060 2652 θύσηι
1074 2576 1123 2653 τῆι
1145 2570 1235 2633 θεῶι.
1263 2569 1431 2653 Ἕμβαρας
1454 2570 1490 2634 δὲ

203 2667 314 2749 Βάρος
330 2667 365 2731 δὲ
380 2667 575 2751 ἢἜμβαρος
597 2669 818 2751 ὑποσχόμενος
871 2668 973 2750 μόνος
1004 2668 1226 2749 ἀποσχόμενος
1260 2669 1310 2731 ἐπὶ
1342 2674 1400 2731 τῶι
1432 2668 1490 2752 τὴν

205 2766 290 2829 οὕτω
298 2767 440 2849 ποιήσειν
448 2766 499 2829 ἐπὶ
507 2772 563 2829 τῶι
571 2766 629 2848 τὴν
641 2766 818 2848 ἱερωσύνην
873 2766 1050 2849 ἱερωσύνην
1073 2765 1171 2829 αὐτοῦ
1186 2764 1222 2828 τὸ
1235 2767 1326 2847 γένος
1350 2765 1401 2830 διὰ
1414 2767 1489 2850 βίου

203 2862 239 2926 τδ
278 2865 369 2944 γένος
407 2865 505 2927 αὐτοῦ
541 2863 591 2927 διὰ
626 2865 699 2946 βίου
738 2865 818 2945 έχειν
873 2865 954 2946 ἔχειν
978 2863 1198 2947 διακοσμήσας
1225 2864 1323 2927 αὐτοῦ
1346 2864 1404 2947 τὴν
1426 2865 1489 2928 θυ-

206 2961 424 3044 διακοσμήσας
451 2962 508 3045 τὴν
530 2962 692 3044 θυγατέρα
720 2962 818 3045 αὐτὴν
873 2963 987 3044 γατέρα
1018 2962 1116 3044 αὐτὴν
1143 2961 1204 3044 μὲν
1235 2962 1423 3044 ἀπέκρυψεν
1455 2963 1489 3025 ἐν

202 3059 262 3141 μὲν
296 3059 483 3142 ἀπέκρυψεν
523 3061 557 3122 ἐν
593 3066 652 3123 τῶι
689 3060 817 3133 ἀδύτωι,
872 3065 930 3124 τῶι
953 3056 1117 3148 ἀ<δ>ύτωη
1141 3058 1214 3141 αίγα
1234 3059 1270 3123 δὲ
1286 3060 1395 3142 ἐσθῆτι
1411 3082 1489 3123 κοσ-

203 3156 276 3238 αἶγα
301 3157 336 3221 δὲ
359 3158 467 3241 ἐσθῆτι
497 3160 663 3243 κοσμήσας
694 3160 741 3228 ῶς
762 3158 819 3241 τὴν
872 3160 979 3241 μήσας
1012 3158 1059 3228 ῶς
1090 3157 1147 3240 τὴν
1173 3158 1335 3239 θυγατέρα
1364 3158 1489 3224 ἔθυσεν.

203 3256 365 3338 θυγατέρα
389 3257 514 3321 ἔθυσεν.
538 3257 616 3320 ὅθεν
638 3259 682 3327 εἷς
705 3280 817 3338 παροι-
874 3257 951 3320 ὅθεν
982 3256 1036 3318 καὶ
1063 3257 1107 3325 εἰς
1133 3256 1306 3337 παροιμίαν
1332 3257 1490 3338 περιέστη.

204 3355 289 3436 μίαν,
313 3356 401 3438 φησί,
425 3356 585 3437 περιέστη·
604 3354 770 3438 Ἔμβαρος
793 3353 822 3418 εἶ
872 3355 1007 3417 τάττεται
1031 3353 1065 3417 δὲ
1081 3354 1131 3416 ε’πὶ
1153 3358 1217 3416 τῶν
1239 3353 1490 3435 παραπαιόντων

203 3453 339 3515 τούτεστι
361 3455 527 3535 νουνεχής,
552 3453 717 3535 φρόνιμος.
873 3452 927 3515 καί
949 3451 1149 3534 μεμηνότων.

206 3592 277 3657 lam
308 3591 449 3678 adparet
473 3591 612 3658 Suidam
643 3613 775 3679 quoque
799 3593 988 3657 Pausaniae
1019 3590 1141 3656 librum
1164 3612 1263 3676 quem
1286 3589 1489 3657 Eustathius

204 3692 288 3756 adiit
312 3691 540 3777 exscripsisse3
573 3689 632 3756 sed
657 3690 746 3776 quod
768 3690 803 3755 in
833 3690 902 3755 fine
927 3692 961 3756 et
985 3689 1105 3755 Suidas
1129 3688 1184 3754 uel
1216 3688 1288 3754 eius
1312 3692 1431 3755 auctor
1455 3691 1490 3756 et

207 3789 304 3856 lexici
320 3788 532 3872 Sabbaitici¹)
558 3791 676 3855 auctor
691 3787 849 3875 adposuit
870 3791 1005 3853 τάττεται
1028 3789 1063 3853 δὲ
1079 3789 1127 3852 ε’πὶ
1150 3794 1216 3852 τῶν
1239 3789 1490 3871 παραπαιάντων

204 3889 258 3952 καὶ
280 3891 483 3974 μεμηνότων,
508 3887 653 3954 hominis
677 3886 881 3953 callidissimi
902 3891 936 3952 et
951 3884 1250 3951 fraudulentissimi
1273 3904 1398 3949 nomen
1422 3906 1491 3971 qua

205 3987 335 4052 ratione
359 3987 399 4052 de
424 3987 552 4053 insanis
577 3990 756 4073 usurpetur
786 4006 853 4052 non
879 3984 984 4050 uideo.
1032 3983 1097 4049 Sed
1125 4004 1242 4049 uereor
1273 4004 1315 4049 ne
1348 3985 1489 4069 uterque

205 4085 410 4151 sententiam
434 4086 533 4172 plane
554 4085 754 4151 contrariam
778 4104 853 4149 cum
877 4105 919 4148 ea
942 4103 1043 4168 quam
1066 4083 1164 4148 modo
1189 4081 1387 4168 explanauit
1410 4103 1489 4148 sen-

205 4183 315 4248 tentia
331 4183 525 4251 confuderit.
563 4186 674 4270 Atque
693 4183 846 4249 extitisse
863 4180 966 4247 talem
982 4183 1135 4247 ueterum
1151 4182 1299 4246 uirorum
1314 4181 1489 4246 doctorum

204 4283 409 4347 sententiam
425 4283 523 4348 testis
547 4285 600 4348 est
615 4280 840 4369 HesychiuS‚²)
865 4279 922 4366 qui
938 4283 1049 4345 utram
1072 4279 1190 4365 probet
1209 4279 1344 4344 nescius
1360 4281 1488 4344 utram-

312 4479 331 4546 1,
350 4477 387 4532 cf.
405 4476 487 4531 Kock
505 4476 523 4531 l.
536 4493 558 4532 s.
578 4493 605 4546 p.
618 4476 679 4530 589.

311 4557 330 4626 Ωγ
351 4557 397 4612 uel
415 4556 619 4625 Diogenianus.
