3098 4956
644 251 958 336 μ--11-

208 452 327 497 uocem
358 433 475 514 ἄλοχος
512 429 615 496 etiam
649 428 738 495 idem
773 449 847 495 esse
878 450 917 495 ee
948 430 1088 516 ‘paelex'
1120 451 1163 495 ex
1192 428 1328 495 Homeri
1359 428 1498 497 duobus

208 528 362 595 uersibus
393 530 527 615 poterat
558 528 725 610 cognosci:
757 526 822 592 141
849 530 885 593 ἐκ
908 530 1019 600 πόλιος
1043 531 1077 593 δ’
1101 530 1240 612 ἀλόχους
1270 530 1324 593 καὶ
1346 532 1495 613 κτήματα

208 628 308 692 πολλὰ
331 628 482 710 λαβόντες
505 624 672 706 eticae,
706 646 771 711 quo
796 646 897 690 uersu
920 624 1065 691 Achilles
1094 626 1134 692 de
1159 628 1412 708 Agamemnone
1436 628 1496 714 qui

208 723 390 790 Briseidem
412 724 556 789 tentorio
581 725 795 807 1111111ἔχει
820 725 848 788 δ’
860 725 980 807 ἄλοχον
1004 722 1090 789 dicit.
1137 723 1221 807 Ergo
1244 745 1279 789 re
1303 744 1386 790 uera
1401 727 1497 806 Aga·

208 822 316 888 thiam
340 826 375 888 et
397 821 639 887 Philostratum
671 821 758 886 inter
791 842 918 887 senon
942 821 1059 887 differe
1082 821 1301 888 manifestum
1326 825 1410 906 erat,
1436 824 1496 888 sed

210 917 386 1007 Glyceram
417 924 451 985 et
474 918 619 1004 puellam
652 920 822 1004 captiuam
854 924 889 984 et
919 919 1080 1006 paelicem
1108 941 1190 987 esse.
1236 922 1285 985 Ac
1316 921 1345 986 11
1376 924 1495 987 tamen

209 1019 386 1104 quisquam
410 1016 563 1093 dubitare
586 1037 655 1082 non
681 1017 825 1098 desierit,
850 1020 963 1082 cartae
988 1017 1141 1084 uersibus
1165 1020 1206 1084 37
1217 1039 1286 1105 sqq.
1311 1019 1370 1084 ubi
1394 1019 1498 1084 datur

209 1116 344 1182 demum
366 1114 425 1180 illa
447 1115 482 1180 in
505 1115 765 1197 matrimonium,
788 1136 841 1180 res
866 1115 1061 1181 absoluitur.

315 1231 387 1296 Iam
403 1230 445 1297 ad
460 1231 535 1317 ipsa
550 1229 724 1295 Menandri
739 1229 844 1296 uerba
859 1233 1031 1296 transeam
1048 1234 1090 1315 et,
1113 1253 1156 1297 ne
1171 1231 1292 1314 longus
1309 1232 1383 1314 sim,
1409 1253 1496 1319 quae

210 1352 230 1396 a
254 1329 333 1394 uiris
358 1326 463 1395 doctis
495 1349 596 1414 supra
624 1328 890 1394 commemoratis
922 1329 1020 1394 certis
1048 1329 1254 1412 argumentis
1279 1330 1498 1415 comprobata

209 1429 291 1493 sunt
331 1427 453 1492 iterum
483 1426 526 1491 ab
559 1446 623 1491 ouo
655 1426 835 1512 explanare
869 1425 980 1494 nolim.
1026 1429 1075 1492 Ac
1105 1428 1212 1513 prima
1242 1427 1377 1514 quidem
1408 1448 1497 1514 quae

211 1527 307 1591 extat
322 1544 446 1590 scaena
456 1522 671 1589 Polemonem
687 1544 786 1610 quem
798 1523 919 1606 flagitii
930 1526 966 1589 in
979 1525 1121 1590 amicam
1133 1525 1301 1591 commissi
1314 1525 1497 1591 uehemen-

209 1624 339 1689 tissime
377 1622 566 1708 paeniteat,
609 1642 684 1687 cum
720 1621 842 1688 ancilla
885 1643 949 1687 sua
982 1622 1102 1688 Doride
1150 1623 1305 1709 conloqui
1351 1621 1498 1689 editores

209 1721 390 1786 Britannici
414 1722 503 1786 recte
528 1718 756 1786 ostenderunt.
802 1719 872 1786 Nec
895 1722 1007 1806 potest
1031 1721 1107 1787 oriri
1127 1720 1304 1803 dubitatio,
1328 1722 1410 1807 quin
1433 1721 1499 1788 loci

211 1819 359 1886 condicio
383 1839 423 1884 11
437 1820 561 1883 natura
584 1820 630 1883 sit
652 1817 770 1883 eadem
786 1817 827 1883 de
844 1840 910 1904 qua
924 1817 1150 1884 Philostratus
1175 1819 1246 1901 agit
1266 1818 1378 1885 uerbis
1393 1840 1500 1906 supra

210 1917 350 2004 scriptis.
373 1916 459 1981 Nam
476 1915 592 1982 uideas
608 1937 639 1981 u.
657 1918 693 1982 1:
715 1920 753 1980 ἵν’
770 1918 906 2000 ἐμαυτὸν
922 1920 1128 2001 ἀποπνίξαιμι
1144 1919 1194 1982 ‘ut
1209 1938 1263 1983 me
1279 1916 1499 2003 suspendam,

211 2014 470 2101 suspenderem,’
494 2013 605 2100 inquit
623 2013 768 2080 Polemo.
818 2014 1000 2080 Dissuadet
1020 2015 1116 2080 Doris
1138 2016 1184 2100 μὴ
1203 2016 1242 2099 δὴ
1258 2054 1304 2062 -
1318 2052 1371 2080 -.
1388 2013 1499 2095 Quem

86 2165 88 2169 .
211 2114 254 2179 ad
278 2133 413 2178 uersum
427 2110 673 2177 restituendum
698 2111 840 2177 editores
857 2115 1012 2197 φλήναφα
1027 2115 1272 2199 proposuerunt
1293 2133 1353 2199 per
1367 2133 1404 2178 se
1428 2133 1500 2178 non

210 2209 298 2276 male
322 2208 530 2275 eMenandri
554 2209 698 2275 dictione
715 2208 960 2296 depromptum;
984 2211 1043 2276 sed
1060 2232 1135 2277 eum
1151 2209 1215 2277 hoc
1230 2211 1332 2276 uerbo
1357 2210 1408 2276 uti
1433 2231 1499 2276 an-

211 2308 330 2391 cillam,
356 2329 442 2395 quae
466 2328 542 2373 cum
566 2328 620 2373 ero
646 2306 867 2393 conloquatur
889 2308 1001 2373 minus
1026 2306 1144 2374 deceat
1166 2348 1211 2356 -
1231 2308 1314 2374 nihil
1331 2309 1421 2373 enim
1445 2313 1501 2374 est

211 2427 276 2493 quo
310 2426 484 2492 procacem
521 2426 596 2470 eam
633 2427 708 2471 esse
744 2404 991 2471 demonstretur
1022 2445 1067 2454 —·
1098 2407 1213 2472 malim
1243 2406 1377 2472 Henrici
1408 2404 1501 2473 Weil

211 2502 481 2591 supplementum
511 2506 603 2569 τοῦτό
635 2530 669 2587 γε
699 2504 851 2590 recipere,
885 2504 922 2570 ci.
951 2503 1050 2590 Soph.
1078 2504 1216 2571 Philoct.
1244 2505 1310 2572 763
1342 2506 1388 2590 μὴ
1419 2507 1499 2589 δῆτα

209 2605 302 2668 τοῦτό
334 2628 376 2686 γε.
435 2601 505 2668 Ν11
534 2622 603 2667 non
634 2601 741 2668 simile
773 2600 899 2689 aliquid
929 2606 1042 2668 mente
1078 2604 1225 2686 agitasse
1255 2603 1291 2667 in
1321 2601 1500 2668 Menandri

211 2699 371 2786 Adelphis
403 2699 652 2766 adulescentem
683 2700 781 2766 testis
813 2702 866 2765 111
897 2700 1051 2766 Donatus
1084 2721 1158 2766 cum
1190 2701 1233 2766 ad
1256 2701 1328 2766 Ter.
1356 2699 1499 2786 Adelph.

211 2799 278 2866 274
293 2819 341 2884 sq.
357 2796 441 2862 haec
457 2796 600 2862 adnotat
615 2797 809 2863 ‘Menander
824 2799 907 2863 mori
922 2797 1016 2863 iflum
1031 2798 1178 2864 uoluisse
1193 2798 1302 2882 fingit,
1320 2798 1500 2865 Terentius

210 2897 343 2979 fugere?
396 2896 509 2981 Atque
547 2895 650 2960 etiam
686 2895 722 2960 in
751 2894 864 2961 Plauti
894 2895 1059 2962 Pseudolo
1097 2895 1267 2963 Calidorus
1299 2895 1499 2963 adulescens

212 2995 338 3059 amissa
361 2992 470 3058 amica
492 2996 633 3058 mortem
657 2993 721 3058 sibi
746 2993 948 3060 consciscere
973 2995 1088 3060 studet
1110 3017 1141 3059 u.
1166 2994 1231 3061 349

212 3109 264 3177 ‘ni
287 3107 434 3191 gladium
458 3107 552 3174 adicr
566 3104 611 3196 11
627 3108 712 3189 Quid
737 3106 873 3199 opus<t>
896 3108 1032 3192 gladio?
1048 3107 1092 3197 11
1109 3110 1173 3190 oui
1195 3107 1296 3200 <et)¹)
1323 3109 1416 3176 hunc
1440 3131 1498 3177 oo·

1059 3207 1166 3274 eidam
1191 3212 1292 3294 atque
1316 3212 1390 3274 me?

211 3304 327 3391 Neque
358 3303 459 3370 aliam
487 3307 589 3391 atque
617 3304 669 3370 his
701 3304 973 3372 adulescentibus
1005 3306 1109 3372 fuisse
1141 3305 1313 3372 Polemoni
1348 3327 1497 3390 eausam,

213 3425 279 3489 qua
303 3424 407 3469 causa
436 3404 476 3467 ut
499 3405 640 3469 mortem
663 3403 727 3468 sibi
751 3405 954 3469 consciscere
986 3405 1206 3471 constitueret
1236 3408 1497 3490 permoueretur,

213 3505 248 3567 et
270 3522 329 3587 per
352 3522 387 3566 11
420 3505 471 3566 111
493 3501 665 3588 probabile
697 3504 732 3566 et
763 3503 876 3567 exeis
907 3522 993 3587 quae
1018 3505 1112 3568 carta
1135 3505 1313 3568 seruantur
1345 3501 1497 3569 efficitur.

211 3597 406 3685 Respondet
428 3599 517 3664 enim
539 3598 675 3664 Polemo

494 3716 571 3779 ἀλλὰ
594 3717 624 3778 τί
645 3713 781 3804 [chricea
805 3718 913 3800 Ampi;
934 3723 1006 3788 πῶς
1028 3713 1209 3805 diothmari]

494 3824 512 3886 ὁ
534 3825 821 3908 τρισκακοδαίμων,
845 3826 944 3908 χωρὶς
968 3820 1037 3912 dib]
1061 3861 1106 3870 -
1129 3862 1172 3870 -

214 3937 338 4018 Quodsi
366 3937 479 4003 uiuere
511 3939 583 4004 sine
615 3939 726 4026 aliquo
756 3939 890 4005 homine
915 3961 988 4005 sese
1019 3960 1117 4025 posse
1148 3941 1259 4022 negat,
1285 3938 1326 4004 de
1349 3958 1501 4025 quonam

214 4057 291 4101 eum
315 4037 460 4120 cogitare
476 4037 675 4104 arbitremur
697 4039 762 4104 nisi
778 4038 818 4103 de
842 4037 1036 4103 muliercula
1059 4038 1205 4123 quadam
1222 4039 1347 4120 amata,
1373 4036 1501 4104 scilicet

214 4132 254 4198 de
279 4155 320 4199 ea
343 4155 487 4221 quacum
510 4135 597 4201 inira
619 4158 650 4201 u.
675 4137 718 4202 38
742 4158 788 4222 sq.
811 4134 967 4218 legitimis
996 4136 1206 4219 coniungitur
1228 4134 1383 4222 nuptiis?
1429 4136 1501 4202 Iam

321 4347 341 4416 ²)
362 4348 439 4416 Quae
465 4350 626 4405 coniectura
650 4349 784 4405 maiorem
802 4349 922 4404 forsitan
946 4365 1013 4419 prae
1038 4364 1068 4403 11
1093 4349 1169 4404 ferat
1193 4348 1252 4404 ueri
1267 4349 1393 4420 speeiem
1412 4363 1498 4420 quem

213 4427 336 4482 uirorum
356 4428 503 4484 doctorum
522 4431 709 4496 coniecturae,
731 4429 768 4485 of.
787 4429 880 4484 Plaut.
900 4429 984 4484 Most.
1003 4429 1057 4483 813
1075 4446 1130 4500 sq:
1234 4507 1251 4528 v

374 4588 412 4643 nt
429 4590 501 4645 bene
520 4589 660 4644 monitum
679 4589 751 4643 duco
770 4591 857 4659 atquc
877 4586 970 4660 (es>se
989 4589 1128 4644 existumo
1148 4508 1397 4659 humadiliiilgbgriid
