3098 4956
662 257 886 322 -31-

131 439 214 504 dum
235 435 333 502 modo
351 435 547 516 Quintiliani
571 435 800 501 testimonium
819 435 896 502 inst.
921 457 964 501 or.
980 435 1064 518 X13,
1079 436 1119 501 91
1137 466 1181 490 =
1196 436 1225 501 Il
1239 458 1269 522 p.
1286 436 1361 521 297,
1377 439 1414 502 17

130 535 234 601 Halm
270 536 359 599 recte
401 533 669 618 interpretemur:
701 537 788 599 ‘cum
819 533 900 598 mihi
931 531 1080 599 comoedi
1110 554 1241 618 quoque
1273 535 1416 620 pessime

131 634 244 699 facere
275 631 464 712 uideantur,
497 630 595 716 quod,
631 631 763 696 etiamsi
797 632 953 696 iuuenem
985 633 1098 713 agant,
1131 651 1206 697 cum
1237 634 1352 697 tamen
1382 633 1417 697 in

130 730 344 818 expositione
368 732 429 795 aut
452 729 540 794 senis
564 749 680 812 serm0,
713 730 808 794 utin
832 728 979 814 Hydriae
1002 728 1145 814 prologo,
1171 731 1232 794 aut
1262 729 1417 812 mulieris,

130 829 232 895 utin
257 827 396 912 Georgo,
421 826 546 910 incidit,
576 825 720 892 tremula
750 826 805 892 uel
836 825 1033 892 effeminata
1064 848 1146 892 uoce
1177 827 1416 912 pronuntiant?

134 929 207 1009 Quo
227 948 270 992 ex
285 926 478 992 testimonio
495 923 755 1007 adulescentem,
780 924 836 1010 qui
859 946 914 989 uu.
934 925 1039 989 1-21
1061 925 1302 1010 expositionem
1327 929 1416 1008 agat,

131 1027 167 1091 in
201 1046 244 1090 ea
275 1045 361 1110 quae
397 1022 440 1088 ad
470 1022 558 1088 hanc
599 1025 746 1088 aetatem
781 1043 849 1087 non
882 1022 1037 1108 peruenit
1071 1022 1288 1109 expositionis
1322 1026 1417 1109 parte

131 1122 325 1210 Myrrhinae
356 1120 521 1207 quaedam
551 1121 656 1186 uerba
685 1121 879 1207 repetiuisse
911 1120 1131 1204 cognoscitur;
1166 1141 1274 1206 neque
1304 1123 1418 1207 potest

132 1221 270 1308 reperiri
309 1222 543 1302 argumentum
582 1240 639 1284 cur
678 1217 875 1284 adulescens
913 1217 1005 1282 illam
1038 1239 1106 1283 non
1140 1217 1309 1284 induxerit
1343 1239 1417 1284 sese

134 1319 273 1384 nomine
290 1316 516 1404 adpellantem
532 1319 633 1402 atque
651 1315 739 1402 quod
763 1315 906 1380 amicam
917 1315 1110 1381 uitiauisset
1128 1316 1417 1401 uituperantem.²)

134 1416 229 1497 Quae
254 1436 329 1481 cum
351 1415 401 1479 ita
423 1414 501 1500 sint,
525 1415 594 1479 iam
622 1416 829 1498 argumenta,
854 1413 974 1499 quibus
998 1412 1158 1480 Dniatzko
1186 1435 1269 1478 usus
1292 1415 1418 1500 primae

135 1535 224 1600 quae
249 1516 362 1579 exstat
386 1533 528 1578 scaenae
558 1512 699 1578 alteram
729 1511 899 1598 quandam
931 1512 1152 1577 antecessisse
1176 1512 1305 1597 probat,
1340 1533 1418 1578 0011-

135 1612 253 1678 cidunt
289 1612 391 1697 atque
426 1611 639 1676 confirmatur
674 1609 818 1676 Udahioi
853 1610 893 1676 de
927 1608 1419 1676 Wilamowitz-Moellendorff

112 1729 114 1733 ’
135 1709 317 1791 sententia,
336 1708 392 1793 qui
407 1707 426 1772 l.
444 1729 515 1794 sp.
532 1709 598 1774 530
615 1730 661 1794 sq.
677 1709 712 1773 in
730 1708 875 1794 quinque
891 1706 956 1772 illis
972 1708 1102 1793 paginis
1119 1728 1205 1795 quae
1221 1709 1418 1793 perierun12)

133 1808 242 1893 ipsius
265 1805 403 1871 fabulae
426 1827 494 1871 non
517 1805 567 1870 ita
590 1805 714 1871 multos
737 1827 856 1872 uersus
880 1805 1019 1891 scriptos
1034 1804 1140 1871 luisse
1164 1805 1418 1890 demonstrauit,

133 1905 197 1970 sed
220 1904 327 1969 uitam
350 1903 534 1986 Menandri,
558 1902 761 1990 hypothesin
785 1925 886 1990 quam
910 1902 1034 1985 dicunt,
1058 1903 1300 1990 prolegomena.

247 2001 313 2066 Sed
343 2022 520 2087 pergamus
552 2000 594 2066 ad
617 2022 648 2066 u.
666 2001 706 2066 31
732 1999 955 2086 tractandum,
986 2001 1022 2066 in
1045 2023 1110 2087 quo
1136 2023 1236 2067 uersu
1258 2002 1323 2067 hae
1347 2023 1418 2067 ser-

133 2103 264 2174 uantur
285 2100 418 2165 litterae

335 2214 787 2281 ΊὈΣΟΥΤΟῩΣΚΑΤΑΤ.
813 2268 819 2279 .
844 2267 850 2279 .
876 2267 882 2279 .
905 2215 1235 2281 ΠΡΟΣΕΡΧΕΤΑΙ

133 2343 223 2408 quas
239 2321 353 2386 Nicole
371 2320 540 2407 suppleuit
564 2319 699 2410 [χόλους]
716 2325 887 2394 τοσούτους
902 2320 1097 2412 κστοτ[ίύου]
1120 2345 1189 2389 non
1205 2343 1419 2405 magnacum

133 2421 210 2486 ueri
234 2418 459 2485 similitudine.
497 2420 613 2506 Neque
638 2422 727 2486 enim
742 2423 831 2505 χόλοι
846 2419 983 2506 pluralis
999 2442 1158 2486 numerus
1175 2441 1232 2506 pro
1249 2420 1419 2502 singulari,

134 2519 187 2585 ita
210 2520 251 2583 ut
272 2516 361 2585 idem
384 2519 428 2583 sit
452 2519 554 2604 atque
570 2518 640 2585 ‘ira’
658 2521 788 2605 positus
805 2540 947 2604 usquam
964 2519 1112 2584 occurrit.
1147 2519 1262 2603 Neque
1280 2516 1418 2606 [ὅρκους]

133 2619 310 2688 τοσούτους
333 2613 540 2704 κατσύεμών]
573 2617 661 2702 quod
684 2616 843 2682 Dziatzko
874 2617 1055 2702 proposuit,
1087 2615 1153 2682 ullo
1185 2618 1297 2703 potest
1328 2637 1419 2682 com-

135 2713 272 2801 probari
296 2714 455 2800 exemplo.
504 2713 598 2795 Quod
621 2735 700 2780 vero
724 2735 793 2781 van
816 2713 985 2781 Leeuwen
1009 2714 1140 2801 scripsit

387 2827 426 2917 [τί
448 2828 508 2919 dal]
533 2834 704 2903 τοσούτους
728 2828 934 2919 κατατ[εμὼν]
959 2834 1165 2915 προσέρχεται

388 2925 547 3016 [θαλλοὺς]
572 2931 591 2993 ὁ
614 2930 771 3012 θεράπων
795 2950 821 2994 0.
846 2952 874 3016 q.
899 2951 925 2995 0.

136 3064 277 3110 curnam
294 3042 473 3129 Myrrhina,
499 3065 574 3109 cum
594 3042 749 3110 mulieres
774 3044 999 3111 adulescentis
1015 3047 1152 3132 nuptias
1176 3046 1330 3112 adornari
1351 3066 1420 3111 non

136 3141 293 3207 nesciant
317 3141 364 3221 (01.
381 3164 412 3208 u.
429 3140 491 3224 29),
518 3142 652 3207 omnino
676 3143 726 3207 ita
741 3144 931 3225 interroget,
956 3164 1025 3208 non
1041 3142 1147 3209 uideo.
1183 3143 1288 3209 Multo
1305 3146 1419 3209 autem

136 3238 238 3305 aliter
268 3242 369 3324 atque
400 3239 435 3304 hi
465 3239 528 3305 uiri
559 3237 647 3304 docti
669 3239 759 3305 hunc
781 3240 892 3305 locum
915 3261 1035 3306 sanare
1060 3245 1202 3306 conatus
1226 3244 1278 3306 est
1300 3240 1421 3306 Kaibel

137 3359 169 3424 p.
194 3336 257 3402 154
280 3336 396 3402 adnii
429 3358 504 3402 cum
535 3339 611 3423 post
644 3338 925 3404 ΤΟΣΟῩΤΟΥΣ
951 3358 1169 3423 personarum
1198 3340 1420 3404 mutationem

138 3435 243 3500 fuisse
269 3435 390 3501 statuit
413 3438 448 3500 et
471 3436 602 3521 scripsit

318 3547 504 3638 [ἄχρησΙτος.
534 3551 630 3638 (Mys)
656 3550 786 3642 οὗτ<0>ς
809 3555 889 3618 κατὰ
911 3551 1031 3642 τ[ύχην]
1054 3557 1261 3638 προσέρχεται

136 3665 205 3731 hac
236 3685 317 3729 usus
350 3668 654 3748 argumentatione:
687 3667 750 3732 ‘Da
781 3668 959 3735 aulierdem
991 3692 1031 3735 zu
1055 3673 1224 3743 τοσούτους
1248 3669 1318 3735 sich
1341 3669 1421 3733 kein

138 3761 325 3849 passendes
337 3763 467 3830 Nomen
482 3763 615 3830 denken
631 3765 711 3850 lant,
737 3766 823 3831 auch
838 3767 932 3832 nicht
948 3767 1139 3833 abrusehen
1154 3768 1208 3851 ist,
1233 3767 1298 3834 wie
1315 3765 1421 3831 dieser

138 3859 336 3926 Akkusativ
366 3883 407 3926 zu
439 3870 550 3946 γαμεῖν
580 3863 614 3926 111
637 3862 828 3946 Beziehung
859 3886 899 3928 zu
923 3868 1039 3930 setren
1061 3871 1162 3948 ware,
1195 3886 1232 3930 so
1255 3863 1343 3929 habe
1366 3863 1420 3929 ioh

139 3959 310 4042 versuoht,
335 3957 374 4024 V.
391 3959 431 4024 31
458 3960 512 4025 ein
528 3959 687 4046 Adjektiv
710 3960 770 4026 auf
784 3987 889 4034 -τος
914 3984 955 4026 zu
971 3967 1144 4045 erganzen
1169 3983 1293 4029 wovon
1309 3969 1420 4046 γαμεῖν

136 4054 295 4138 abhinge.
341 4056 413 4121 Aus
445 4057 520 4123 dem
550 4058 646 4140 iibrig
677 4057 877 4125 bleibenden
905 4060 1094 4125 OYTOYZ
1118 4082 1190 4127 war
1213 4060 1303 4125 dann
1327 4059 1421 4131 οὗτος

138 4173 183 4217 nu
208 4153 350 4220 machon
372 4155 442 4220 und
458 4157 519 4221 mit
535 4156 610 4222 dem
625 4155 802 4238 iolgenden
818 4179 860 4222 ru
874 4158 1071 4224 verbinden:
1095 4157 1189 4230 οὗτος
1204 4159 1284 4223 κατὰ
1299 4155 1419 4247 τ[ύχην]

250 4331 422 4400 11811111111οτ
437 4332 491 4386 hac
509 4334 545 4387 de
562 4350 592 4387 re
604 4334 742 4388 iudicauit
755 4334 870 4389 Carolus
884 4335 1014 4402 Schenkl,
1033 4334 1225 4390 ‘Jahreshefte
1237 4335 1287 4390 des
1300 4336 1420 4391 Oesterr.

136 4411 281 4466 archaeol.
294 4410 457 4466 Instituts’l
473 4413 540 4468 1898
553 4431 579 4485 p.
589 4413 625 4468 50
638 4414 686 4484 qui
698 4414 812 4486 reliqua,
833 4432 897 4470 cum
909 4415 1108 4471 Britannorum
1127 4415 1279 4471 editionem
1296 4415 1421 4470 nondum

139 4491 278 4557 nouisset,
297 4508 354 4546 non
372 4493 467 4562 potuit
484 4497 560 4548 recte
578 4495 733 4548 absoluere.

250 4572 269 4642 'l
289 4572 428 4627 Incertae
438 4573 512 4627 enim
524 4574 634 4645 paginis
643 4575 750 4628 numeri
761 4592 776 4630 ς
788 4578 817 4630 01
827 4575 843 4638 ζ
852 4576 949 4648 scripti
962 4579 1036 4632 sunt.
1050 4577 1086 4633 01.
1096 4577 1295 4632 Britannorum
1305 4575 1348 4630 ed.
1358 4593 1384 4646 p.
1395 4575 1420 4632 6.
