3098 4956
656 242 971 313 --56-.

236 419 412 505 Reliquum
437 422 488 484 est
511 421 551 485 ut
566 418 780 485 Dziatzkonis
803 419 948 502 uestigia
970 418 1164 512 plerumque
1184 419 1353 505 persecuti
1369 420 1406 486 de

127 517 265 582 fabulae
281 520 478 600 argumento
494 517 629 582 uberius
645 515 857 582 disseramus.
887 516 952 582 Sed
969 537 1043 582 cum
1059 537 1279 603 quaecunque
1296 517 1408 604 aliqua

129 636 204 681 cum
227 616 298 680 ueri
321 615 430 700 specie
453 618 595 700 possunt
618 614 690 680 erui
713 635 754 680 ea
769 613 924 681 Alfredus
949 614 1052 681 Kbrte
1075 613 1095 680 l.
1112 637 1137 680 s.
1157 636 1188 700 p.
1205 614 1269 680 393
1284 637 1331 701 sq.
1349 636 1407 680 ex-

128 714 289 799 posuerit,
325 710 368 778 ad
402 712 491 778 hunc
527 712 610 778 satis
646 715 699 779 est
733 711 884 794 delegare
919 716 954 778 et
986 734 1008 778 a
1042 712 1240 778 coniecturis
1274 714 1408 779 incertis

128 810 367 877 abstineamus.

609 954 928 1036 Argumentum.

236 1117 337 1134 .....
353 1067 561 1134 adulescenti
584 1072 681 1153 pater
704 1064 849 1134 sororem
873 1067 940 1133 alia
962 1071 1070 1134 matre
1092 1071 1209 1134 natam
1234 1070 1268 1134 in
1293 1071 1410 1135 matri-

127 1167 277 1231 monium
300 1166 534 1231 conlocaturus
558 1169 618 1231 est.
658 1165 753 1246 Quod
776 1165 1025 1232 matrimonium
1048 1165 1102 1232 ille
1119 1166 1267 1250 effugere
1285 1167 1409 1253 studet,

129 1264 208 1349 quia
231 1263 420 1349 Myrrhinae
443 1263 599 1350 pauperis
630 1262 754 1329 uiduae
778 1263 885 1329 filiam
908 1264 1033 1330 incerto
1057 1266 1153 1350 patre
1176 1268 1294 1331 natam
1318 1286 1411 1331 eom-

128 1362 249 1448 pressit
272 1382 413 1448 eamque
437 1382 511 1427 sese
535 1360 712 1428 ducturum
735 1361 895 1446 promisit.
934 1362 1083 1429 Eandem
1100 1362 1219 1429 ducere
1235 1364 1411 1430 constituit

128 1458 327 1524 Gleaenetus
343 1459 495 1542 agricola,
513 1463 552 1525 ut
569 1459 709 1542 Gorgiae
722 1459 912 1546 Myrrhinae
927 1460 997 1526 filio
1015 1461 1071 1546 qui
1087 1481 1222 1547 operam
1239 1461 1271 1526 ei
1285 1459 1412 1526 locauit

128 1557 271 1639 gratiam
293 1558 437 1641 referret,
463 1557 551 1643 quod
575 1557 639 1623 sibi
662 1560 798 1640 aegroto
823 1556 1018 1624 adsedisset.
1065 1555 1186 1647 [Atque
1209 1557 1294 1624 haec
1317 1559 1410 1642 uirgo

129 1653 300 1720 Clcaeneti
315 1654 387 1720 siba
411 1655 602 1737 agnoscitur
625 1659 660 1721 et
683 1654 891 1722 adulescenti
913 1655 1019 1722 nubit.
1037 1655 1176 1738 Gorgias
1198 1656 1300 1722 huius
1321 1655 1411 1722 ducit

130 1750 295 1840 sororem]
341 1751 496 1835 Agricola
519 1775 594 1819 cum
617 1753 788 1841 Myrrhina
810 1775 867 1820 rus
889 1755 1070 1820 reuertitur
1092 1804 1218 1821 ......

750 2056 786 2121 ΙΙ.

601 2189 936 2254 ΔΑΚΤΥΛΙΟΣ.

235 2315 401 2397 τρόφιμον,

236 2427 406 2495 Uocabulo
429 2431 586 2513 τρόφιμος
609 2428 829 2494 Menandrum
852 2429 886 2493 in
911 2428 1028 2494 fabula
1050 2430 1225 2501 Δακτύλιος
1248 2450 1336 2514 quae
1359 2429 1411 2495 in-

129 2527 327 2592 scriberetur
357 2548 457 2590 usum
488 2548 561 2592 esse
592 2528 690 2592 testis
722 2531 775 2592 est
797 2526 986 2614 Hesychius
1015 2549 1039 2592 s.
1062 2549 1093 2593 u.
1116 2528 1284 2611 τρόφιμον,
1316 2528 1412 2593 cuius

128 2625 234 2690 uerba
257 2623 423 2690 lernstedt
444 2626 479 2689 in
503 2625 585 2690 libro
608 2624 795 2691 Russorum
817 2625 933 2709 lingua
956 2626 1152 2709 conscripto,
1178 2624 1218 2691 de
1242 2645 1307 2710 quo
1328 2624 1412 2690 libro

128 2722 260 2788 rettulit
274 2721 403 2807 Nauck,
420 2721 592 2806 Melanges
609 2723 895 2790 Grc'co-ltomains
912 2723 956 2788 VI
975 2721 1061 2786 1894
1080 2744 1110 2807 p.
1128 2722 1200 2803 109,
1226 2722 1273 2787 sic
1297 2743 1412 2788 emen-

131 2820 238 2886 dauit:
268 2822 426 2904 τρόφιμον
457 2824 495 2885 ὃν
526 2825 616 2905 ἡμεῖς
640 2823 855 2886 ὂεσπόσυνον’
879 2822 934 2885 καὶ
964 2822 1157 2904 “τρόφιμον’
1182 2817 1413 2909 <Μέν>ανδρος

130 2916 352 3007 Δακτυλίω<ι>.
397 2917 467 2984 Nec
491 2938 558 2984 non
582 2918 699 2984 eadem
722 2919 852 2983 ratione
875 2918 1049 2984 Menandri
1074 2940 1197 2984 nomen
1220 2921 1412 3003 corruptum

131 3019 183 3081 est
199 3016 246 3081 eis
263 3016 354 3096 locis,
380 3016 500 3102 quibus
515 3015 554 3082 fr.
570 3016 634 3082 461
649 3017 687 3082 Κ.
705 3015 786 3081 OAF
801 3015 846 3081 Ill
861 3038 891 3102 p.
911 3017 973 3080 132
989 3016 1118 3098 legitur,
1142 3014 1232 3101 apud
1248 3014 1411 3098 Suidam¹)

130 3117 165 3179 ct
180 3113 372 3197 ZonaramM
401 3115 464 3180 sub
488 3136 570 3181 uoce
594 3117 791 3200 αἰτήσασθαι.
830 3116 941 3200 Atque
964 3113 1063 3179 tertio
1087 3111 1233 3198 quodam
1255 3111 1410 3198 locoque

128 3211 228 3276 huius
259 3212 438 3296 fragmenti
468 3234 546 3300 pars
573 3213 660 3300 prior
682 3213 840 3279 laudatur
869 3212 957 3277 idem
989 3232 1109 3277 nomen
1139 3231 1206 3276 non
1230 3210 1328 3276 aliter
1351 3210 1411 3276 de-

128 3313 309 3396 prauatum
325 3314 389 3395 est;
407 3332 505 3397 quem
521 3310 631 3377 locum
647 3310 755 3377 adfert
766 3310 885 3376 Nauck
901 3309 920 3377 l.
932 3332 971 3376 s:
988 3310 1111 3375 Anecd.
1125 3308 1239 3374 Graec.
1251 3308 1355 3374 Paris,
1366 3307 1411 3373 lV

129 3430 160 3494 p.
178 3408 252 3491 103,
266 3410 306 3474 21
334 3409 467 3475 Cramer
490 3411 681 3474 ciriocoduc·
704 3410 740 3473 τὸ
764 3409 954 3492 χρήσασθαι,
978 3409 1097 3490 ἀνδρὸς
1118 3409 1220 3491 τίτθηι
1242 3410 1283 3490 ἣν
1306 3409 1347 3471 ἄν
1368 3432 1412 3478 τις

128 3509 223 3590 ὑμῶν
247 3509 383 3572 παιδίων
406 3510 531 3591 ἠτίσατο
555 3506 613 3572 ubi
636 3508 813 3570 οἷτίσοισθιιι
837 3507 871 3569 et
894 3507 1019 3589 ἠτίσατο
1044 3509 1083 3570 ut
1106 3504 1330 3570 scriberentur
1352 3525 1410 3590 pro

129 3607 318 3689 αἰτήσασθαι
342 3608 376 3669 et
399 3608 546 3689 ἠιτήσατο
569 3604 721 3668 itacismo
747 3624 846 3688 quern
862 3601 978 3667 dicunt
993 3603 1121 3668 lactum
1137 3623 1211 3668 esse
1227 3615 1327 3668 nemo
1343 3622 1411 3667 non

129 3701 223 3767 uidet
245 3723 308 3768 nec
331 3701 371 3767 de
395 3729 405 3767 ι
428 3704 521 3767 muto
545 3703 578 3767 in
603 3704 726 3785 ἠτίσατο
751 3700 872 3766 omisso
898 3700 1058 3766 disserere
1075 3704 1215 3786 oportet.
1250 3701 1321 3765 lam
1338 3699 1411 3765 aliis

130 3822 262 3886 quoque
292 3799 372 3866 locis
400 3798 583 3865 Menander
614 3820 696 3865 uoce
725 3801 882 3883 τρόφιμος
911 3820 994 3863 usus
1026 3803 1079 3864 est
1109 3798 1215 3863 ueluti
1238 3796 1276 3863 fr.
1296 3796 1360 3864 194
1372 3796 1411 3862 Κ.

130 3897 212 3964 CAF
232 3897 275 3962 ΙΠ
298 3920 328 3983 p.
345 3898 396 3980 56,
420 3899 455 3963 ir.
473 3898 547 3971 531,
565 3897 580 3961 l
607 3901 642 3963 et
667 3899 706 3963 16
719 3897 757 3963 K.
775 3897 856 3964 OAF
872 3897 915 3962 III
937 3919 966 3982 p.
985 3898 1059 3979 155,
1083 3897 1121 3962 fr.
1138 3896 1203 3962 600
1214 3895 1254 3962 Κ.
1272 3895 1354 3962 OAF
1369 3895 1412 3960 ΙΠ

129 4018 159 4082 p.
180 3997 250 4063 181.
296 3995 365 4063 Νθο
395 3998 485 4062 recte
516 3995 611 4062 Kock
633 3996 751 4063 11531
776 3996 838 4063 1.ε.
870 4000 904 4062 et
935 3995 1073 4080 Philipp.
1097 3994 1135 4061 fr.
1152 3995 1240 4076 27,2
1265 3993 1348 4059 OAF
1369 3993 1412 4058 III

130 4116 160 4180 p.
177 4094 242 4160 309
266 4094 397 4179 scripsit
421 4096 576 4179 Τρόφιμε;
608 4093 696 4181 quod
727 4094 930 4160 uocabulum
954 4114 1029 4158 cum
1058 4092 1148 4157 idem
1171 4091 1286 4157 ualeat
1310 4094 1428 4176 atque

130 4191 231 4257 ‘erilis
253 4192 356 4257 filius’
381 4192 420 4259 cf.
443 4193 565 4258 Donat.
590 4192 633 4258 ad
654 4194 725 4260 Ter.
747 4193 829 4259 Eun.
846 4192 911 4256 289
928 4212 957 4276 p.
975 4191 1048 4264 329.
1067 4190 1107 4254 18
1123 4189 1292 4272 Wessner,
1316 4188 1410 4254 Phot

131 4311 156 4356 s.
180 4312 211 4355 u.
234 4313 265 4376 p.
281 4290 412 4374 007,19
436 4292 564 4357 Porsen
586 4323 631 4346 =
653 4291 682 4356 Π
704 4313 734 4376 p.
751 4292 816 4357 229
839 4289 961 4372 Naber,
992 4309 1114 4354 nomeu
1147 4309 1221 4353 esse
1244 4287 1411 4374 proprium

239 4469 257 4539 1)
276 4472 363 4541 atque
381 4471 411 4524 id
430 4470 543 4541 quidem
561 4470 590 4524 in
610 4469 739 4524 omnibus
759 4468 910 4534 codicibus,
930 4483 986 4538 qua
1005 4467 1039 4521 de
1057 4483 1088 4521 re
1106 4470 1186 4522 tacet
1202 4466 1284 4522 Kock
1302 4467 1340 4521 ad
1353 4467 1380 4522 b.
1392 4465 1410 4519 1.

238 4550 257 4622 ²)
277 4550 325 4622 qui
344 4550 460 4605 Suidem
480 4551 636 4621 exscripsit.
