3098 4956
661 256 883 320 „34-

134 437 175 503 de
206 457 270 524 quo
302 435 403 500 uelim
436 433 589 500 conferas
620 454 705 519 quae
729 433 888 498 Dziatuko
912 454 942 518 p.
964 433 1029 499 510
1058 434 1220 520 exposuit.
1266 435 1316 500 Ac
1345 435 1407 501 iam

133 535 281 602 maxima
304 532 452 599 oboritur
474 531 667 613 difficultas,
693 552 768 596 cum
791 531 968 596 tractaturi
993 551 1109 596 sumus
1135 552 1176 597 ea
1198 532 1305 598 uerba
1327 555 1407 620 quae

133 633 197 718 ille,
222 631 361 698 simulac
383 631 545 717 processit
567 630 603 694 in
627 651 792 710 scaenam,
816 628 872 694 uel
895 627 984 714 apud
1007 632 1214 714 spectatores
1229 631 1286 696 uel
1301 652 1408 697 secum

131 731 285 816 loquitur.
333 730 424 811 Quae
448 728 553 793 uerba
575 728 610 792 in
636 729 728 793 carta
751 728 798 791 sic
820 725 977 809 leguntur
999 748 1030 791 u.
1047 726 1090 792 35
1103 747 1185 813 sqq.:

344 839 870 930 ΑΓΡοΝΓΕοΡΓεΙΝΕνΣΕγ
886 892 1130 909 ...........
1147 840 1258 931 parm

348 938 857 1029 ornnroarmmrmrrr’)
874 991 1094 1006 ..........
1110 939 1298 1030 promor

343 1036 917 1127 Auearomrmmnnaru
933 1090 1178 1104 ...........
1194 1037 1252 1127 uu

343 1140 466 1203 111111
474 1137 1107 1204 οΚεΝοΡοοΣΙοοεσωιοΣον

343 1236 835 1302 ΑΛΛἈΥΤοΤοΜΕνΡοΝ

134 1343 223 1431 apud
256 1343 440 1409 Stobaeum
470 1341 553 1408 Flor.
578 1341 665 1425 57‚5
693 1373 736 1397 =
764 1340 850 1407 Men.
873 1341 911 1408 ir.
935 1342 978 1408 96
994 1341 1033 1406 Κ.
1058 1341 1139 1408 GAF
1163 1342 1207 1408 lll
1236 1365 1267 1430 p.
1292 1344 1334 1410 29
1365 1344 1407 1410 sic

132 1445 252 1508 extant
275 1441 398 1527 scripta

344 1558 444 1641 ἀγρὸν
467 1560 686 1639 εὐσεβέστερον
710 1564 860 1639 γεωργεῖν
884 1558 999 1652 οὐὸέγο

344 1656 439 1738 οἶμαι·
464 1658 553 1739 φέρει
577 1656 638 1738 γὰρ
662 1656 720 1718 ὅσα
744 1656 832 1726 θεοῖς
856 1657 940 1739 ἄνθη
965 1658 1056 1730 καλά,

343 1755 454 1827 κιττόν,
480 1755 613 1836 δάφνην·
637 1753 754 1835 κριθὰς
778 1754 810 1817 δ’
837 1753 921 1836 teir)
946 1755 1075 1836 σπείρω,
1099 1756 1183 1818 πάνυ

345 1853 465 1922 δίκαιος
489 1852 566 1932 dial)
592 1852 740 1934 ἀπέδωχ’
767 1852 873 1932 dcccl)
898 1855 937 1915 ἂν
961 1854 1144 1935 καταβάλω.

131 1970 241 2054 Atque
272 1966 356 2032 haec
387 1967 430 2032 ab
454 1966 584 2032 Joanne
616 1967 782 2052 exscripta
812 1987 888 2031 cum
919 1965 1110 2048 diligentius
1142 1988 1218 2032 cum
1248 1968 1298 2033 eis
1326 1989 1408 2054 quae

132 2071 225 2132 carta
260 2064 396 2131 exhibet
431 2063 677 2147 contulerimus,
714 2064 794 2150 quin
829 2065 1021 2130 memoriam
1056 2065 1242 2151 praebeant
1277 2066 1409 2133 omniuo

131 2163 275 2229 alienam
298 2183 366 2228 non
387 2161 627 2246 dubitabimus3
652 2183 754 2248 quare
776 2161 868 2228 haud
891 2163 1003 2249 inepte
1018 2163 1128 2248 alass,
1153 2165 1217 2230 Lit
1235 2163 1410 2231 (lenta-Bt

134 2260 418 2328 mareoticae:
450 2263 563 2326 ‘wenn
587 2258 638 2326 die
662 2260 767 2326 Verse
792 2259 943 2327 wirklich
974 2282 1036 2326 aus
1061 2261 1138 2327 dem
1160 2264 1314 2346 Γεωργός
1339 2261 1410 2328 sind

130 2358 200 2425 und
234 2358 327 2425 nicht
361 2360 451 2425 etwa
482 2356 650 2423 Stobaeus
685 2357 838 2424 ahnliche
874 2359 966 2424 eines
998 2358 1145 2426 anderen
1177 2359 1320 2426 Stiickes
1352 2362 1410 2426 mit

131 2456 240 2523 denen
264 2456 322 2522 dea
338 2458 491 2540 Γεωργός
514 2455 736 2522 verwechselt
757 2455 838 2521 hat'
873 2457 960 2522 Nam
982 2479 1017 2522 re
1041 2479 1123 2524 uera
1146 2457 1268 2523 similia
1291 2458 1334 2524 ab
1358 2459 1410 2524 in-

132 2558 220 2622 certo
243 2558 345 2642 poeta
367 2555 401 2620 in
417 2553 536 2620 fabula
552 2553 697 2640 quadam
713 2554 840 2620 incerta
856 2554 1043 2620 dictasunt
1060 2555 1098 2622 ci.
1116 2576 1197 2622 com.
1213 2555 1276 2624 inc.
1291 2555 1330 2623 fr.
1347 2555 1410 2622 108

131 2660 166 2719 et
192 2654 254 2721 109
266 2653 306 2719 K.
330 2653 411 2718 OAF
434 2652 479 2717 Ill
502 2674 532 2738 p.
549 2651 623 2719 424.
662 2653 848 2718 Attamen
872 2651 1009 2718 Stobaei
1033 2657 1067 2719 et
1091 2657 1205 2720 cartae
1228 2653 1303 2720 illos
1328 2655 1410 2721 duos

131 2751 222 2817 locos
246 2773 319 2816 esse
342 2771 441 2836 posse
466 2750 647 2815 eorundem
670 2771 830 2815 uersuum
853 2749 1012 2816 lectiones
1028 2750 1128 2837 plane
1146 2752 1297 2818 diuersas
1312 2773 1410 2818 nemo

131 2852 184 2914 est
215 2850 271 2933 qui
300 2852 409 2930 neget.
457 2847 604 2928 Quarum
634 2847 815 2914 lectionum
845 2851 956 2913 utram
986 2849 1094 2932 magis
1126 2871 1306 2936 sequamur
1336 2872 1410 2917 oum

131 2944 361 3028 deliberamus,
393 2946 534 3032 primum
566 2945 699 3031 quidem
730 2945 1066 3012 animaduertendum
1097 2951 1149 3013 est
1171 2947 1322 3032 loannis,
1355 2947 1411 3035 qui

130 3065 198 3109 non
220 3043 367 3129 ipsorum
390 3047 566 3130 poetarum
590 3048 651 3111 aut
666 3044 806 3111 aliorum
822 3048 996 3110 auctorum
1013 3044 1133 3110 adierit
1147 3045 1248 3111 libros
1265 3045 1325 3113 sed
1340 3047 1410 3134 ipse

132 3162 263 3230 quoque
278 3141 442 3226 florilegia
458 3143 702 3230 exscripserit),
720 3143 914 3208 memoriam
925 3164 985 3229 per
996 3164 1032 3208 se
1044 3143 1181 3209 minoris
1194 3165 1268 3210 esse
1280 3145 1409 3231 pretii)

129 3240 266 3307 Accedit
291 3241 379 3328 quod
402 3240 538 3308 easdem
562 3243 749 3309 sententias
773 3241 916 3328 quasin
940 3244 1033 3307 carta
1057 3263 1233 3328 expressas
1256 3241 1411 3309 uidemus

131 3342 289 3425 quattuor
313 3341 465 3406 uersibus
489 3344 524 3406 et
548 3341 605 3427 qui
628 3341 778 3426 sequitur
802 3338 945 3421 dimidio,
969 3340 1143 3422 Ioannes)
1166 3343 1206 3406 ut
1230 3341 1410 3407 concinnas

129 3438 236 3518 magis
260 3441 294 3503 et
318 3437 492 3503 conclusas
508 3437 669 3520 redderet,
695 3439 854 3523 quattuor
869 3436 1021 3502 uersibus
1039 3437 1289 3523 comprehendit
1302 3439 1411 3526 plenis

129 3536 231 3620 atque
255 3535 346 3600 totis
380 3533 475 3599 Unde
498 3533 592 3599 illum
614 3531 788 3600 Menandri
810 3555 929 3599 uersus
952 3554 1021 3599 non
1044 3536 1191 3618 integros
1215 3535 1275 3602 sed
1297 3536 1410 3624 paullo

129 3633 278 3698 mutatos
301 3631 463 3714 florilegio
487 3631 668 3697 inseruisse
685 3632 837 3716 apertum
855 3634 916 3714 est,
941 3653 1050 3720 neque
1066 3631 1144 3699 licet
1161 3632 1314 3700 dubitare
1330 3635 1411 3721 quin

128 3733 240 3796 cartae
256 3730 416 3796 memoria
432 3729 475 3795 ab
488 3729 668 3816 archetypo
685 3729 819 3816 propius
835 3728 925 3796 absit
944 3752 1046 3818 quam
1063 3730 1201 3798 Stobaei
1215 3734 1410 3817 memoria)

235 3918 254 3985 1)
274 3912 298 3968 δ’
322 3915 379 3970 ἐὰν
400 3913 424 3968 δ’
448 3919 482 3968 ἂν
499 3916 580 3972 codd.

234 3997 253 4066 ²)
273 3993 372 4053 δίκαιος
391 3997 439 4051 elo:
477 3993 582 4054 δικαίως
601 3997 681 4054 codd.

234 4079 253 4143 ³)
272 4076 346 4133 ὅσαςτ
366 4075 416 4130 deo
435 4079 516 4133 codd.

233 4157 253 4228 ⁴)
274 4158 309 4214 cf.
329 4158 415 4224 Diels,
434 4159 489 4214 Rh.
508 4160 544 4214 M.
563 4160 607 4225 30,
628 4159 697 4215 1875
715 4176 742 4230 p.
757 4159 809 4214 172
818 4176 879 4231 sqq.
898 4159 953 4213 alii.

233 4239 254 4308 ⁶)
271 4238 398 4294 Eandem
417 4240 591 4294 sententiam
608 4240 707 4295 Nicole
724 4255 750 4307 p.
763 4239 870 4311 34sqq.
890 4239 952 4294 aliis
971 4239 1147 4310 argumentis
1165 4239 1355 4296 confirmauit.

234 4319 254 4387 ⁶)
273 4319 319 4373 uel
338 4322 436 4374 auctor
455 4335 489 4374 ex
508 4337 564 4392 quo
583 4321 630 4375 ille
649 4319 753 4375 hausit.
1099 4384 1103 4392 Ι

234 4399 254 4469 ⁷)
272 4399 331 4454 Nec
349 4400 468 4455 multum
486 4400 605 4455 interest
624 4399 700 4472 quod
713 4416 769 4454 uno
784 4399 847 4454 loeo
867 4400 1008 4455 Stobaeus
1029 4400 1173 4456 meliorem
1191 4401 1320 4456 seruauit
1331 4401 1411 4457 lecti·

128 4496 212 4534 onem
229 4496 292 4535 cum
312 4498 339 4535 11.
352 4479 387 4534 35
407 4481 518 4552 scripsit
542 4480 721 4550 εὐσεβέστερον
741 4479 861 4552 γεωργεῖν
879 4478 1010 4553 οὗ<θ>ένα
1029 4477 1133 4550 (cotim
1152 4480 1242 4551 codd.)
1261 4496 1313 4552 pro
1330 4500 1412 4553 γεωρ-

126 4560 180 4629 γεῖν
198 4558 389 4632 εὗσε[βέστερον
407 4559 518 4630 οὕθ]ένα
537 4561 585 4616 ubi
604 4560 734 4632 dactylus
752 4560 826 4616 salso
845 4561 884 4616 sit
901 4562 1012 4631 positus
1030 4577 1080 4632 pro
1100 4560 1246 4616 trochaeo.
1274 4560 1311 4617 cl.
1323 4562 1412 4617 Bern-
