3098 4956
669 241 886 306 „24-

140 418 220 485 dum
243 418 341 485 modo
364 418 555 483 Philinnam
578 418 692 484 multis
718 418 815 484 annis
838 417 1008 504 Myrrhina
1038 417 1199 483 maiorem
1229 420 1314 484 natu
1346 439 1422 484 0000

140 538 336 583 censeamus
360 517 431 582 siue
456 515 609 582 ancillam
634 517 715 600 siue,
744 515 778 580 id
802 514 890 601 quod
913 516 983 581 ueri
1016 519 1069 582 est
1092 514 1232 581 similius
1255 516 1423 581 nutricem

139 613 180 682 ci.
196 614 336 694 Diatzko
361 613 380 682 l.
400 635 425 680 0.
448 635 478 700 p.
495 613 569 679 507.
603 613 807 700 Myrrhinam
831 616 946 679 autem
969 615 1111 678 matrem
1135 634 1208 679 esse
1232 613 1303 679 eius
1320 635 1423 699 quam

139 712 336 778 adulescens
378 712 587 777 adamauerit
625 734 655 797 p.
687 712 729 778 53
747 733 793 797 sq.
831 711 1054 797 exposuimus.
1113 711 1184 778 Iam
1224 733 1372 796 quanam
1404 732 1422 777 0

139 810 237 876 1101110
261 809 416 876 mulieres
440 812 564 876 exeant
587 808 814 895 quaerendum
838 812 897 875 est.
931 807 1012 874 Inde
1036 809 1125 874 enim
1147 808 1236 895 quod
1251 807 1424 895 Myrrhina

138 907 313 972 Philinnae
338 911 464 992 quanto
495 928 605 972 rerum
636 908 672 971 in
696 906 882 972 discrimine
912 909 1066 972 uersatur
1096 905 1194 972 modo
1227 906 1421 992 explicauit,

138 1004 299 1071 Dniatzko
330 1027 360 1091 p.
385 1005 451 1072 507
482 1007 572 1070 10010
608 1003 776 1071 concludit
808 1025 878 1070 non
911 1005 947 1070 in
982 1004 1100 1070 eadem
1135 1005 1232 1070 domo
1266 1003 1421 1071 habitare

139 1107 331 1187 utramque:
359 1103 419 1168 ‘Im
441 1102 556 1168 Hause
582 1101 638 1168 der
661 1102 702 1167 M.
727 1107 817 1169 ware
841 1101 890 1167 sie
915 1103 944 1184 (i.
961 1123 988 1168 e.
1012 1101 1177 1184 Philinna)
1202 1101 1293 1168 wohl
1316 1102 1422 1168 sch'on

139 1199 253 1266 friiher
275 1221 342 1266 von
371 1199 445 1266 dem
476 1200 697 1267 unterrichtet
720 1199 867 1285 worden,
900 1221 973 1267 was
997 1200 1038 1266 M.
1062 1200 1113 1264 ihr
1137 1200 1222 1266 eben
1253 1203 1321 1266 erst
1343 1221 1422 1266 ver-

137 1301 231 1365 traut
250 1297 321 1363 hat’
345 1301 379 1364 01
402 1320 431 1383 p.
448 1298 513 1364 509
536 1297 726 1384 Myrrhinae
753 1298 849 1363 domo
876 1297 1032 1364 mulieres
1056 1296 1165 1380 egredi
1181 1319 1242 1363 suo
1265 1298 1337 1363 iure
1359 1318 1420 1364 ne-

138 1397 241 1481 gauit.
289 1395 381 1476 Quae
413 1417 489 1462 cum
518 1397 568 1462 ita
596 1396 674 1480 sint,
699 1395 870 1482 Myrrhina
901 1396 944 1462 ad
968 1395 1158 1461 Philinnam
1191 1399 1231 1461 ut
1272 1416 1347 1462 cum
1380 1417 1422 1461 ea

139 1494 382 1580 colloqueretur
412 1516 448 1560 00
480 1494 661 1560 contulisse
692 1492 834 1578 uidetur,
864 1515 954 1560 nunc
981 1493 1070 1559 illius
1095 1493 1191 1560 domo
1216 1514 1353 1578 egressa
1377 1493 1421 1559 ah

140 1591 258 1658 eadem
282 1595 417 1659 domum
441 1591 566 1658 deduci.
613 1591 692 1656 Tres
716 1592 817 1675 igitur
838 1593 873 1657 in
897 1613 1020 1658 scaena
1044 1592 1160 1657 domos
1183 1590 1289 1657 fuisse
1313 1594 1420 1677 patet,

140 1679 374 1773 adulescentis,
399 1688 582 1773 Philinnae,
606 1689 796 1776 Myrrhinae
828 1692 862 1756 01
894 1690 1030 1757 amicae.
1077 1690 1169 1771 Quae
1203 1688 1321 1755 domus
1355 1710 1421 1774 quo

138 1787 265 1853 10011111
295 1787 409 1853 ordine
434 1787 624 1872 dispositae,
657 1787 736 1853 licet
758 1788 840 1854 scire
864 1808 931 1853 non
956 1789 1134 1874 possimne,
1168 1789 1321 1853 attamen
1346 1808 1421 1872 pro-

139 1885 264 1952 babilia
299 1886 488 1953 coniectura
523 1886 618 1971 sequi
647 1885 752 1951 iuuat.
798 1887 847 1951 Ac
880 1887 1021 1971 primum
1056 1884 1193 1971 quidem
1224 1883 1422 1950 adulescens

138 1984 237 2049 1117
268 1984 418 2049 constitit
449 1985 529 2049 ante
562 1985 689 2050 amicae
722 1986 756 2048 et
786 1982 975 2070 Myrrhinae
1011 1982 1130 2065 aedeS,
1166 1986 1237 2048 tum
1275 1982 1348 2048 abit
1379 1982 1422 2048 ad

138 2080 281 2147 laeuam.
328 2081 455 2146 Harum
477 2082 578 2164 igitur
609 2081 711 2147 aedes
735 2081 770 2145 in
794 2081 912 2146 dextra
936 2102 1078 2147 scaenae
1102 2084 1197 2167 parte
1231 2080 1315 2145 sitas
1348 2101 1423 2145 esse

139 2200 207 2245 non
230 2181 429 2266 putauerim,
454 2180 533 2266 quia
556 2180 584 2245 si
609 2181 733 2261 essent,
759 2177 955 2244 adulescens
979 2199 1038 2264 per
1060 2181 1170 2244 1010111
1193 2198 1352 2243 scaenam
1375 2179 1422 2243 ire

141 2275 286 2362 deberet,
310 2278 345 2343 id
369 2277 456 2363 quod
485 2277 642 2343 abhorret
665 2298 686 2342 a
708 2277 780 2343 ueri
804 2276 921 2363 specie.
967 2275 1095 2343 Deinde
1118 2276 1235 2341 Dauus
1269 2296 1311 2341 ex
1341 2295 1421 2359 agro

137 2375 157 2440 i.
174 2396 200 2440 0.
225 2396 246 2440 a
271 2375 389 2441 dextra
411 2375 512 2442 flores
536 2375 643 2441 adfert
666 2375 890 2440 adulescentis
915 2373 1058 2440 domum.
1096 2374 1203 2453 Quam
1227 2373 1362 2439 domum
1386 2374 1422 2438 in

139 2471 259 2539 dextra
280 2477 375 2559 parte
400 2473 499 2538 sitam
522 2472 627 2539 fuisse
643 2475 820 2559 propterea
842 2473 997 2538 arbitrari
1019 2472 1131 2553 nolim,
1157 2471 1246 2558 quod
1269 2472 1298 2537 si
1322 2492 1364 2536 ea
1387 2471 1422 2535 in

138 2570 239 2636 laeua
262 2571 318 2637 uel
332 2570 443 2636 media
458 2592 582 2636 scaena
598 2571 874 2657 conspiciebatur,
898 2569 1055 2636 facillime
1075 2573 1282 2656 spectatores
1297 2589 1421 2651 magno

138 2668 261 2734 florum
295 2668 440 2755 pondere
475 2670 509 2733 in
548 2669 659 2735 media
693 2689 816 2734 scaena
856 2671 1027 2734 ostentato
1063 2667 1220 2734 delectari
1256 2668 1422 2753 poterant.

140 2765 268 2846 Quibus
299 2766 339 2832 de
372 2767 482 2831 causis
520 2787 628 2852 neque
666 2764 892 2832 adulescentis
932 2765 1032 2831 aedes
1071 2787 1133 2831 1100
1164 2765 1356 2852 Myrrhinae
1387 2766 1421 2830 in

140 2862 260 2930 dextra
282 2863 438 2928 uidentur
460 2863 566 2929 fuisse
590 2862 648 2929 sed
671 2862 854 2929 Philinnae.
901 2863 1061 2931 Necnon
1092 2865 1127 2930 in
1159 2862 1268 2929 media
1298 2883 1423 2928 scaena

141 2965 254 3027 utrum
284 2960 386 3036 fuerit
417 2960 641 3027 adulescentis
674 2982 719 3026 an
750 2961 940 3048 Myrrhinae
972 2963 1099 3045 domus,
1130 2961 1275 3027 fortasse
1308 2960 1423 3048 aliqua

141 3079 227 3124 ansa
251 3059 350 3125 datur
372 3082 403 3125 u.
427 3061 469 3126 25
481 3081 528 3146 sq.

357 3156 459 3247 [aplos
481 3160 538 3242 τὴν
560 3160 666 3244 θύραν
689 3160 829 3224 ἐλθοῦσα
852 3160 906 3223 καὶ
929 3160 1088 3224 καλέσασα
1110 3157 1165 3221 τὸν

354 3254 539 3346 [ἅλα]ζ<ό>ν’
567 3260 630 3332 ἔξω
654 3265 764 3321 τοῦτον
787 3259 883 3321 εἰπεῖν
907 3258 966 3320 ὅσα
987 3262 1110 3339 φρονῶ.

139 3353 233 3420 Ηο00
256 3356 345 3420 0111111
360 3357 465 3421 uerba
480 3353 585 3421 multo
610 3353 793 3420 redduntur
813 3352 1067 3418 uehementiora
1087 3353 1311 3438 maioremque
1333 3352 1421 3417 acci-

139 3453 237 3538 piunt
259 3455 328 3517 uim
352 3474 392 3519 ac
415 3454 573 3536 uigorem,
598 3452 627 3516 si
651 3451 766 3516 eodem
782 3450 940 3536 temporis
964 3454 1133 3517 momento
1150 3451 1420 3536 pronuntiantur,

23 3606 25 3610 .
141 3571 205 3635 quo
236 3549 391 3616 mulieres
415 3550 590 3616 Philinnae
623 3548 719 3614 domo
751 3548 795 3613 ad
817 3547 1006 3634 Myrrhinae
1039 3548 1140 3614 aedes
1171 3549 1282 3614 iturae
1313 3548 1422 3633 ipsam

141 3646 365 3714 adulescentis
394 3648 529 3713 domum
552 3649 775 3732 praetereunt.
821 3645 916 3712 Unde
939 3647 1082 3712 fortasse
1107 3646 1195 3712 hanc
1227 3647 1363 3711 domum
1385 3647 1420 3710 in

141 3746 252 3812 media
276 3767 408 3829 scaena,
433 3745 622 3832 Myrrhinae
645 3744 679 3809 in
700 3743 801 3810 laeua
823 3745 925 3810 sitam
949 3765 1022 3810 esse
1044 3745 1178 3810 efficies.
1214 3742 1421 3808 Adulescens

140 3844 241 3926 igitur
262 3846 318 3930 qui
333 3845 459 3930 primus
482 3843 650 3908 inducitur
670 3865 688 3908 e
705 3842 822 3909 mediis
844 3840 983 3909 aedibus
1005 3864 1159 3926 egressus
1179 3863 1297 3907 uersus
1323 3843 1421 3926 lsqq.

141 3943 220 4024 agit,
244 3942 363 4008 deinde
379 3942 474 4007 tarde
498 3962 560 4007 nec
584 3941 656 4007 sine
679 3962 772 4006 mora
796 3939 839 4007 ad
862 3941 981 4006 laeuae
1000 3940 1117 4006 domus
1133 3945 1265 4026 portam
1281 3937 1420 4021 accedit,

142 4038 284 4126 denique
307 4042 342 4106 in
373 4039 489 4105 urbem
515 4039 535 4106 i.
557 4061 584 4105 0.
608 4040 652 4106 ad
674 4039 809 4105 laeuam
841 4039 921 4104 abit.
967 4038 1053 4103 Tum
1083 4039 1238 4103 mulieres
1261 4058 1279 4101 0
1304 4035 1423 4103 dextra

142 4137 239 4204 domo
270 4137 434 4224 prodeunt
465 4143 500 4204 et
531 4136 754 4204 adulescentis
785 4137 816 4202 h.
841 4158 868 4202 e.
900 4135 1045 4202 mediam
1077 4135 1211 4201 domum
1241 4137 1310 4200 iam
1342 4137 1422 4200 sunt

140 4239 390 4321 praeterituras,
415 4257 491 4302 cum
514 4259 544 4302 u.
561 4237 602 4302 31
615 4257 661 4323 sq.
697 4237 814 4301 Dauus
831 4256 948 4300 seruus
965 4256 986 4300 a
1002 4234 1119 4300 dextro
1143 4234 1248 4299 latere
1273 4233 1421 4299 aduenit.

248 4334 314 4401 Sed
349 4336 526 4401 ueniamus
548 4334 687 4400 tandem
710 4333 754 4398 ad
777 4353 818 4398 ea
840 4330 1027 4414 tractanda,
1051 4353 1137 4418 quae
1160 4334 1247 4398 inter
1270 4353 1307 4397 00
1332 4352 1421 4398 com·

140 4432 315 4498 municant
337 4433 500 4499 mulieres.
546 4432 662 4519 Neque
687 4432 727 4498 de
754 4432 829 4517 ipsa
859 4452 894 4497 10
925 4429 1060 4496 uberius
1092 4429 1182 4516 apud
1214 4432 1421 4516 spectatores

125 4529 232 4593 uerba
254 4531 403 4616 faciunt,-
426 4530 485 4618 qui
507 4551 577 4598 non
598 4528 744 4596 audiunt
758 4530 825 4596 nisi
837 4527 1044 4616 Myrrhinam
1058 4527 1293 4594 adfirmantem
1309 4529 1422 4594 omnia
