3098 4956
718 253 963 319 -120-

200 430 426 515 fragmentum
456 433 646 516 comparato
680 430 856 497 Menandri
882 430 920 496 fr.
936 429 1054 498 86711.
1078 429 1160 498 ΘΑΕ
1183 431 1227 496 ΠΙ
1249 452 1279 516 p.
1295 432 1362 498 230
1392 433 1484 518 apud

201 529 364 595 Zonaram
386 550 416 616 p.
436 529 518 594 1521
545 532 580 594 et
601 528 638 593 in
661 527 770 615 Etym.
794 529 904 611 Magn.
927 551 957 615 p.
974 527 1048 612 652,
1061 528 1103 593 23
1128 529 1175 596 sic
1197 527 1334 596 tradito:

459 629 675 710 παραιτοῦμαί
696 652 730 693 σε
754 629 946 711 συγγνώμην
971 629 1059 711 ἔχειν.

200 724 270 790 Iam
294 723 510 790 scholiastam
525 723 701 790 Menandri
724 725 830 790 uerba
853 745 921 790 non
943 725 1074 807 integra
1097 745 1251 790 seruasse
1266 726 1371 810 patet,
1397 746 1484 810 quo-

199 821 291 888 niam
321 821 451 888 numeri
483 843 551 887 non
583 824 664 888 sunt
693 822 823 905 integri.
870 821 978 903 Quare
1010 843 1052 887 ex
1082 821 1130 887 eis
1161 842 1247 908 quae
1271 823 1326 888 ille
1350 823 1484 909 scripsit

198 939 325 986 nouum
348 918 522 984 Menandri
551 918 777 1003 fragmentum
810 921 943 987 restitui
972 940 1071 1006 posse
1094 940 1164 986 non
1187 918 1389 1004 crediderim,
1422 919 1482 987 sed

199 1016 416 1084 scholiastam
447 1038 489 1082 ex
520 1017 636 1083 eodem
668 1017 762 1083 fonte
794 1019 895 1104 atque
917 1017 1082 1084 Zonaram
1113 1017 1171 1104 qui
1199 1017 1317 1083 dicitur
1341 1019 1375 1083 et
1398 1017 1483 1106 Ety-

198 1113 350 1198 mologici
372 1114 485 1198 Magni
508 1118 679 1180 auctorem
703 1115 860 1180 hausisse
884 1115 1070 1181 statuerim.
1530 1185 1531 1189 ,

305 1212 432 1278 Deinde
456 1211 545 1299 quod
567 1211 656 1278 idem
678 1213 698 1278 1.
715 1234 739 1278 s.
756 1234 785 1298 p.
805 1212 869 1278 194
891 1212 1092 1279 Fridericum
1112 1213 1257 1299 Sylburg
1279 1215 1415 1278 secutus
1439 1235 1483 1280 ex

199 1311 246 1377 eis
278 1331 364 1396 quae
394 1308 503 1397 Etym.
533 1308 643 1393 Magn.
674 1333 703 1397 p.
719 1310 796 1393 407,
811 1310 854 1376 23
885 1309 1063 1376 traduntur
1094 1311 1260 1394 Ζάκορος·
1290 1312 1481 1396 Νεωκόρος,

198 1411 298 1492 ἤγουν
321 1411 340 1492 ἡ
366 1410 558 1474 διακονοῦσα
587 1411 660 1493 περὶ
681 1408 717 1473 τὸ
741 1409 833 1492 ἱερόν·
857 1410 1066 1491 Μένανδρος·
1097 1409 1246 1493 Ζάκορος
1267 1412 1287 1492 ἡ
1312 1417 1480 1493 κοσμοῦσα

197 1506 252 1571 τὸν
281 1508 368 1581 ναόν,
399 1509 524 1571 τέκνον·
555 1508 609 1571 καὶ
640 1509 658 1571 ὁ
689 1509 864 1590 ὑπηρέτης·
895 1507 1086 1573 Λευκαδίαν·
1117 1507 1271 1578 ’Ἒπίθες
1300 1508 1336 1572 τὸ
1366 1514 1431 1591 πῦρ
1460 1511 1481 1591 ἡ

198 1605 346 1688 ζάκορος,
378 1606 495 1669 οὑτωσὶ
517 1606 651 1676 καλῶς”
683 1605 732 1686 (ci.
755 1603 794 1671 fr.
810 1604 873 1669 311
891 1603 930 1670 Κ.
954 1602 1036 1670 OAF
1059 1604 1103 1670 III
1125 1626 1155 1690 p.
1171 1605 1224 1687 89)
1252 1608 1272 1689 ἢ
1296 1607 1315 1668 ὁ
1338 1606 1439 1687 ἱερεὺς
1463 1607 1483 1670 ὁ

196 1702 251 1767 τὸν
282 1702 360 1766 ναὸν
390 1709 524 1785 κοσμῶν
554 1704 608 1766 καὶ
639 1710 748 1786 σαρῶν
780 1701 844 1768 hoo
873 1701 1048 1768 Menandri
1078 1702 1302 1786 fragmentum
1332 1702 1481 1769 restituit

198 1796 266 1888 ε(ἡ)
290 1800 429 1882 ζάκορος
451 1803 472 1883 ἡ
495 1807 663 1884 κοσμοῦσα
684 1800 740 1865 τὸν
763 1803 850 1876 ναόν,
880 1803 1023 1866 τέκνον’;
1055 1801 1138 1866 satis
1170 1803 1224 1866 est
1253 1798 1406 1882 delegare
1438 1800 1483 1867 ad

196 1895 389 1980 Augustum
404 1894 568 1979 Meineke,
584 1895 673 1964 Men.
690 1900 724 1963 et
738 1897 876 1964 Philem.
891 1897 959 1963 rell.
974 1918 1005 1984 p.
1021 1897 1083 1963 106
1096 1919 1157 1984 sq.:
1181 1901 1308 1964 ‘uereor
1324 1897 1480 1984 equidem

196 2014 240 2060 ne
263 1994 327 2060 hoc
349 2014 419 2060 non
433 1993 608 2061 Menandri
631 1994 689 2062 sed
706 1993 924 2062 Grammatici
946 1996 1053 2061 uerba
1077 1995 1152 2061 sint.
1188 1993 1274 2077 Quid
1289 1996 1378 2061 enim
1395 2017 1480 2082 opus

198 2093 278 2174 erat
309 2094 348 2158 ut
377 2098 435 2157 τῶι
457 2093 597 2177 ζάκορος
620 2093 850 2160 subicerentur
872 2094 977 2159 uerba
1001 2091 1226 2160 Grammatico
1255 2114 1356 2179 quam
1378 2096 1482 2179 poeta

198 2187 347 2273 digniora
369 2192 390 2274 ἡ
413 2197 580 2274 κοσμοῦσα
595 2190 651 2255 τὸν
664 2191 766 2256 vodo?
806 2189 872 2257 Sed
887 2193 980 2257 totus
997 2190 1216 2278 Etymologici
1231 2191 1325 2258 locus
1340 2191 1480 2258 mirifice

197 2287 354 2352 turbatus
379 2289 439 2369 est,
464 2289 520 2374 qui
542 2287 621 2354 uide
646 2309 690 2353 an
706 2289 756 2354 ita
772 2287 815 2354 ad
831 2288 997 2355 saniorem
1013 2290 1178 2355 rationem
1193 2289 1343 2355 reuocari
1358 2289 1480 2375 possit:

197 2385 357 2467 Ζάκορος,
372 2386 544 2469 νεωκόρος,
561 2388 661 2469 ἤγουν
677 2388 696 2469 ἡ
713 2393 880 2470 κοσμοῦσα
894 2386 950 2451 τὸν
965 2389 1053 2452 ναόν.
1081 2387 1274 2471 Μένανδρος
1288 2388 1480 2453 Λευκαδίαν·

191 2483 321 2555 Ἐπίθες
341 2483 378 2548 τὸ
401 2491 466 2567 πῦρ
489 2486 509 2567 ἡ
534 2486 673 2567 ζάκορος
696 2486 814 2550 οὑτωσὶ
836 2486 952 2556 καλῶς.
998 2486 1052 2550 καὶ
1076 2487 1094 2549 ὁ
1116 2488 1277 2569 ὑπηρέτης
1299 2489 1319 2569 ἢ
1344 2485 1482 2569 ὁῖερεὺς

198 2583 216 2646 ὁ
238 2581 292 2646 τὸν
314 2581 393 2646 ναὸν
416 2587 550 2665 κοσμῶν
572 2585 739 2666 coapto?
