3098 4956
727 243 971 305 -114-

210 420 429 503 ἀμβλυτέρους
450 419 507 503 τὴν
530 420 634 502 φύσιν,
659 421 692 484 ἓν
715 420 762 490 οἷς
785 422 824 483 ἂν
848 420 1005 502 ἀξιόλογοι
1027 421 1205 504 βούλωνται
1228 423 1375 503 γενέσθαι
1395 428 1491 485 ταῦτα

210 518 264 581 καὶ
285 517 460 600 μανθάνειν
483 517 537 581 καὶ
559 518 691 599 μελετᾶν
714 515 802 582 alibi.

317 612 382 679 Sed
406 635 489 700 quos
512 617 687 699 praeterea
701 613 799 680 Blass
822 612 841 679 1.
859 637 883 682 s.
906 615 1058 681 restituit
1078 636 1196 681 uersus
1212 616 1242 681 ei
1257 618 1401 702 possunt
1418 618 1491 702 qui-

210 710 286 777 dem
309 733 382 778 esse
407 711 605 795 comoediae,
628 710 802 777 Menandri
824 715 939 779 tamen
963 734 1037 779 esse
1062 712 1197 779 cosdem
1212 733 1255 778 ne
1271 735 1339 780 uno
1356 713 1492 801 quidem

208 813 405 893 argumento
429 812 543 897 potest
565 809 664 876 effici.

806 1040 889 1107 XIII.

625 1158 753 1241 Νηρήις
776 1140 820 1229 τις
842 1159 892 1222 ε’πὶ
916 1158 1069 1241 δελφῖνος.

315 1272 386 1339 Ηοο
409 1271 634 1356 fragmentum
658 1293 676 1337 e
699 1272 819 1338 Lexico
839 1272 1047 1338 Messanensi
1070 1271 1092 1338 f.
1109 1273 1172 1338 281
1186 1294 1210 1338 r.
1236 1293 1337 1358 quam
1360 1277 1491 1360 partem

209 1393 283 1437 esse
299 1371 354 1438 Ori
376 1370 451 1437 libri
475 1371 531 1456 qui
554 1373 607 1436 est
630 1369 671 1435 de
695 1369 932 1456 orthographia
946 1370 1175 1436 Reitzenstein
1200 1369 1409 1453 (Geschiohte
1434 1371 1491 1438 der

208 1468 433 1554 griechischen
463 1467 694 1556 Etymologioa
724 1491 754 1555 p.
779 1468 844 1535 289
868 1475 947 1556 sqq.)
979 1469 1110 1552 magnis
1141 1471 1347 1553 argumentis
1379 1471 1490 1553 euicit,

155 1635 163 1650 ,
209 1567 313 1633 edidit
327 1567 432 1651 Rabe‚
448 1566 510 1632 Rh.
527 1567 568 1632 M.
580 1566 634 1650 47,
654 1566 739 1636 1892
755 1589 785 1654 p.
798 1568 863 1633 406
888 1569 923 1633 et
942 1566 985 1633 ib.
1002 1566 1054 1650 50,
1072 1567 1159 1633 1895
1176 1588 1207 1653 p.
1224 1567 1304 1633 149:
1327 1568 1491 1653 Νηρῆιὸες

208 1666 265 1732 σὺν
294 1672 351 1731 τῶι
377 1669 413 1730 ἰ’
438 1668 485 1737 ὡς
507 1666 675 1750 Βρισῆιδες
693 1666 898 1750 Ἐρεχθῆιθες
920 1667 1106 1751 Κοόμῆιθες
1133 1665 1277 1750 Οἰνῆιθες
1299 1667 1491 1751 Χροσῆιόες.

209 1771 428 1848 σοναιροῦνιες
451 1765 512 1847 γὰρ
536 1765 642 1846 ἔλεγον
663 1766 807 1829 Αττικοί·
830 1803 874 1810 -
896 1802 942 1812 -
963 1802 1008 1811 -
1031 1765 1081 1829 ἐπὶ
1105 1765 1140 1829 δὲ
1163 1773 1218 1849 τῆς
1240 1766 1367 1837 εὐθείας
1386 1767 1492 1849 ἑνικῆς

207 1862 245 1926 τὰ
275 1869 402 1927 τοιαῦτα
433 1864 575 1933 σπανίως
606 1859 870 1951 συναλ<ο>ίφεται
893 1863 1102 1946 Μένανδρος·
1123 1863 1256 1947 ,Νηρήις
1278 1887 1324 1934 τις
1347 1863 1397 1927 ἐπὶ
1421 1864 1490 1927 δελ-

207 1967 308 2044 φῖνος.
350 1961 401 2025 Ao
424 1957 464 2024 do
487 1958 595 2025 forma
613 1961 741 2044 Νηρήις
764 1957 803 2025 cf.
819 1958 925 2046 Apoll.
940 1959 1038 2046 Dysc.
1062 1962 1134 2043 napi
1157 1962 1357 2044 ἀντωνομίος
1383 1959 1490 2025 1«11Β

206 2078 236 2143 p.
253 2057 306 2141 87,
323 2057 363 2123 12
380 2056 560 2123 Schneider
586 2059 665 2122 κατὰ
689 2058 745 2142 τὴν
774 2059 956 2143 πρόσληψιν
978 2066 1033 2122 τοῦ
1057 2061 1092 2122 ἰ’
1117 2058 1204 2123 καθὸ
1228 2058 1414 2142 Καδμῆιθες
1436 2058 1492 2122 καὶ

206 2156 378 2239 Νηρῆιόες.
417 2154 574 2221 Ohoerob.
598 2155 633 2220 in
657 2154 779 2221 Theod.
796 2155 847 2220 Ar.
871 2176 942 2222 can.
967 2155 1067 2221 schol.
1090 2177 1120 2242 p.
1138 2155 1213 2239 184,
1230 2154 1269 2221 16
1283 2176 1330 2242 sq.
1350 2153 1492 2238 Hilgard

206 2273 236 2338 p.
251 2253 327 2335 236,
341 2253 383 2318 23
399 2275 429 2340 p.
442 2252 551 2336 240,o
570 2274 601 2339 p.
614 2253 769 2339 242,7p.
783 2253 858 2339 247,
872 2254 916 2318 25
932 2274 962 2339 p.
976 2252 1117 2336 381,35.
1153 2253 1290 2319 Ordnert
1311 2251 1331 2320 1.
1349 2275 1374 2318 s.
1389 2274 1419 2339 p.
1437 2253 1491 2320 39.

207 2350 256 2416 De
278 2351 353 2437 ipsa
376 2356 490 2417 autem
513 2372 549 2417 re
572 2351 673 2416 uelim
697 2350 848 2417 conseras
865 2351 962 2416 Plinii
981 2351 1221 2433 testimonium,
1247 2351 1304 2437 qui
1318 2349 1396 2417 Nat.
1412 2350 1491 2417 hist.

207 2448 260 2533 36,
271 2450 314 2514 26
337 2448 409 2516 tV
430 2471 461 2536 p.
478 2449 589 2534 158,4
615 2448 790 2515 Detlefsen
821 2449 895 2515 cum
927 2447 968 2514 de
1000 2449 1126 2534 Scopae
1156 2446 1304 2535 loquitur
1334 2448 1491 2534 operibus

206 2545 291 2613 haec
320 2546 436 2613 tradit:
467 2546 546 2613 ‘Sed
577 2547 613 2612 in
643 2547 792 2612 maxima
823 2547 1015 2631 dignatione
1046 2546 1184 2612 delubro
1213 2545 1269 2612 On.
1293 2547 1432 2612 Domitii
1455 2547 1492 2612 in

208 2645 291 2711 circo
314 2644 477 2711 Flaminio
499 2644 678 2731 Neptunus
707 2646 779 2733 ipse
811 2649 846 2712 et
870 2644 985 2711 Thetis
1017 2647 1119 2731 atque
1143 2643 1298 2730 Achilles,
1329 2643 1490 2711 Nereides

206 2763 309 2828 supra
332 2741 505 2829 delphinos
531 2746 565 2809 et
588 2746 662 2809 cete
686 2748 747 2808 aut
769 2743 1005 2831 hippocampos
1029 2741 1206 2809 sedentes?
1230 2779 1271 2790 -
1293 2740 1334 2809 ef.
1357 2741 1490 2826 Helhig,

207 2839 319 2928 Symb.
343 2840 453 2926 philol.
477 2841 581 2906 Bonn.
604 2842 620 2906 Ι
641 2863 671 2927 p.
688 2840 752 2906 362
766 2863 835 2927 sqq.

803 3081 889 3148 XIV.

366 3212 480 3275 ἅπαντι
504 3210 629 3293 δαίμων
653 3210 745 3294 ἀνδρὶ
768 3211 1016 3292 συμπαρίσταται

366 3335 464 3406 εὐθὺς
487 3336 661 3418 γενομένωι
682 3334 894 3417 μυσταγωγὸς
916 3340 971 3397 τοῦ
994 3335 1066 3416 βίον

366 3459 625 3542 ἀγοθός·κακὸν
650 3460 710 3540 γὰρ
735 3458 864 3540 δαίμον’
890 3459 929 3520 οὗ
952 3458 1118 3539 νομιστέον

368 3586 445 3649 εἶναι
467 3586 537 3666 βίον
560 3584 737 3667 βλάπτοντα
760 3581 958 3665 χρηστόν-
981 3611 995 3627 .
1019 3618 1063 3626 -

315 3709 344 3774 5.
367 3737 380 3754 ⁹
394 3745 439 3754 -
455 3710 576 3772 ἅπαντα
601 3708 634 3771 θ’
659 3706 785 3789 ἀγαθὸν
808 3705 884 3771 εἶναι
906 3706 961 3770 τὸν
984 3707 1071 3771 θεόν.

366 3834 437 3897 oh’
461 3835 493 3896 οῖ
515 3832 680 3916 γενόμενοι
702 3839 766 3903 τοῖς
788 3833 917 3915 τρόποις
939 3832 1028 3896 αὐτοὶ
1050 3831 1146 3895 κακοὶ

312 4051 368 4094 uu.
388 4029 472 4094 1-5
485 4059 529 4084 =
540 4028 626 4094 Men.
642 4028 678 4093 ir.
695 4029 768 4094 550.
785 4029 847 4094 551
860 4027 898 4092 K.
915 4025 996 4092 OAF
1011 4025 1055 4091 III
1077 4048 1108 4112 p.
1128 4024 1190 4091 167
1207 4046 1254 4112 sq.
1268 4055 1311 4080 =
1324 4022 1424 4090 Glem.
1437 4024 1487 4090 At

204 4153 236 4219 V
253 4153 305 4238 14,
330 4154 393 4220 130
419 4175 450 4240 p.
470 4153 536 4220 727
560 4153 682 4219 Potter.
708 4174 761 4218 uu.
786 4151 894 4217 1-10
918 4172 935 4216 e
959 4149 1070 4216 codice
1093 4149 1243 4216 Parisino
1269 4149 1322 4217 Gr.
1341 4148 1410 4215 454
1437 4148 1487 4216 ed.

204 4277 340 4363 Hauler,
365 4278 492 4345 Eranos
508 4278 648 4347 Uindob.
671 4301 701 4365 p.
719 4277 784 4343 334
800 4298 869 4365 sqq.
893 4298 924 4343 u.
942 4278 974 4341 1:
999 4277 1091 4360 ἀνδρὶ
1114 4275 1210 4342 deest
1226 4273 1295 4343 cod
1310 4274 1384 4342 Par.
1404 4296 1436 4341 u.
1453 4274 1487 4340 3:

204 4407 379 4490 νομαστὲον
402 4403 471 4471 cod.
486 4403 559 4471 Par.
583 4426 614 4470 U.
630 4404 664 4470 4:
687 4406 760 4489 βίον
783 4406 822 4468 οὐ
842 4404 1020 4488 βλάπτοιτο
1035 4402 1154 4486 θνητόν
1170 4398 1239 4466 cod.
1255 4400 1329 4468 Par.
1349 4400 1488 4485 χρηστόν

206 4530 305 4598 Glem.
328 4552 360 4596 u.
375 4529 477 4596 4-5;
509 4531 584 4595 οὐδ’
610 4533 691 4615 ἔχειν
718 4530 833 4594 κακίαν
861 4526 929 4593 cod.
953 4527 1036 4610 Pan,
1061 4524 1122 4591 del.
1146 4525 1274 4591 Usener
1296 4525 1357 4592 Rh.
1373 4523 1416 4590 M.
1432 4524 1485 4610 55,
