3098 4956
671 44 893 111 ..7ss-

143 220 294 286 mercede
307 220 476 303 conduxit,
490 219 610 287 etheo
626 241 657 307 p.
670 221 736 288 676
749 242 797 307 sq.
809 220 1042 306 Bekker-Girlh
1056 221 1267 290 Gharikleell
1282 245 1313 311 p.
1326 223 1371 290 92
1379 244 1427 312 sq.

143 315 293 384 Eandem
327 320 421 383 amat
455 318 652 385 adulescens
686 319 828 402 quidam,
860 319 916 406 qui
946 323 987 386 nt
1017 322 1175 406 perpetuo
1208 321 1281 387 eius
1313 341 1428 387 amore

143 415 275 481 fruatur
297 437 373 482 eam
396 415 511 482 studet
534 437 652 482 emere.
698 415 799 482 Cuius
823 416 1048 484 adulescentis
1070 417 1241 484 uoluntati
1263 421 1304 484 ut
1325 420 1427 488 obse·

143 518 282 601 quatur,
318 514 429 579 lenoni
461 514 584 581 suadet
613 515 748 600 hospeS‚
784 514 942 600 quoniam
973 514 1087 581 militis
1117 516 1169 581 uis
1200 536 1268 582 non
1299 515 1351 582 ita
1383 517 1428 583 sit
1538 496 1548 603 3'¹

145 610 303 695 timenda,
329 610 368 678 ci.
392 634 448 677 uu.
464 613 507 678 82
523 633 592 698 sqq.

248 709 319 776 Iam
341 709 377 775 in
400 709 452 774 his
475 711 628 776 uersibus
648 710 738 776 unde
754 709 894 796 profecti
910 732 1027 777 sumus
1050 732 1081 776 u.
1099 711 1141 777 97
1157 711 1303 778 maxime
1320 711 1428 778 medi·

144 808 219 874 cina
242 811 331 891 eget;
354 807 388 872 in
413 827 478 892 quo
500 828 601 874 uersu
617 805 893 911 [mordlplepqlr]
911 808 998 894 quod
1014 807 1167 875 Britanni
1182 808 1428 895 suppleuerunt
1537 829 1544 835 ⁴

142 916 253 997 minus
284 916 364 1000 apte
393 913 528 980 uidetur
558 915 794 998 excogitatum,
820 916 987 1001 quiaque
1011 915 1109 981 modo
1140 914 1216 981 leno
1240 914 1428 1003 decipiatur

141 1011 280 1099 planum
302 1032 371 1077 non
393 1012 443 1078 fit.
477 1011 593 1098 Neque
617 1011 667 1103 [οὐ
690 1010 870 1114 de'lolphlr,
894 1010 966 1116 phil,
990 1033 1092 1098 quam
1113 1013 1340 1079 coniecturam
1356 1013 1424 1081 Leo

142 1119 214 1206 ipse
248 1117 358 1185 ‘nicht
387 1117 647 1185 unbedenklich’
679 1122 787 1204 uocet,
822 1119 1113 1206 comprobauerim.
1164 1119 1230 1186 Sed
1265 1120 1427 1207 quidnam
1544 1131 1549 1148 ¹

141 1238 251 1283 rerum
274 1217 584 1303 sententiarumque
608 1217 722 1283 ordine
746 1219 936 1302 comparato
958 1219 1172 1303 expectetur,
1186 1216 1220 1283 id
1236 1218 1425 1285 considere-

142 1336 225 1382 mus
257 1313 348 1380 Leno
365 1315 462 1398 enim,
488 1316 609 1401 quippe
633 1315 690 1400 qui
713 1314 796 1380 nihil
815 1315 880 1380 nisi
904 1317 1083 1401 quaestum
1100 1317 1239 1402 spectet,
1256 1315 1425 1400 intellegit

1524 764 1541 847 l.

1523 848 1544 917 q-

1522 924 1548 971 ε-

1522 976 1545 1053 ll

1523 1036 1546 1089 ι..

142 1435 174 1479 u.
190 1414 231 1480 97
250 1433 297 1499 sq.
329 1433 403 1479 sese
435 1413 464 1477 si
494 1412 698 1479 meretricem
731 1411 937 1479 adulescenti
966 1412 1154 1479 uendiderit
1184 1412 1314 1480 lucrum
1345 1412 1425 1479 illud
1538 1384 1544 1457 l

143 1509 363 1578 cottidianum
387 1510 586 1576 amissurum
610 1531 684 1576 esse
707 1510 727 1575 i.
744 1532 771 1578 e.
789 1510 949 1576 damnum
965 1509 1098 1596 aliquod
1118 1511 1293 1577 facturum.
1321 1511 1425 1598 Atqui
1544 1518 1548 1533 '

144 1607 303 1674 damnum
327 1606 452 1674 Graece
475 1610 614 1673 uocatur
636 1610 749 1693 βλάβη.
794 1606 879 1691 Ergo
910 1607 974 1674 hoc
1005 1609 1076 1674 loco
1108 1608 1249 1674 uerbum
1276 1611 1424 1694 βλάπτειν

141 1707 302 1793 scriptum
324 1704 429 1770 fuisse
453 1708 555 1791 atque
579 1707 627 1772 sic
650 1726 723 1772 esse
750 1708 861 1771 totum
884 1705 993 1772 locum
1023 1705 1269 1773 restituendum
1300 1707 1423 1795 proba·

142 1803 207 1870 bile
231 1807 294 1869 est:

482 1904 601 1980 armich·
623 1904 670 1986 μὰ
692 1902 766 1974 τοὺς
790 1905 918 1967 δώδεκα
943 1900 1068 1990 [θε]οὺς

356 2006 415 2096 [oia
434 2005 705 2098 βλαπτό]μ[ε]νο[ς]
716 2011 738 2092 1)
764 2010 815 2073 διὰ
842 2016 961 2074 τοῦτον.
1018 1993 1025 2005 ’
1055 1993 1256 2075 '‘uendam‘?
1286 2008 1422 2076 Minime

141 2135 200 2202 per
227 2113 400 2181 duodecim
427 2114 516 2197 deos,
549 2100 624 2181 oum
637 2100 808 2181 'damnum
838 2115 1000 2201 accipiam
1031 2117 1102 2181 eius
1134 2136 1247 2200 causa,
1279 2118 1320 2181 ut
1352 2117 1423 2182 eius

142 2213 310 2279 uoluntati
334 2212 527 2299 obsequar’3
560 2233 625 2300 quo
656 2213 692 2278 in
714 2212 786 2279 loco
819 2214 870 2278 διὰ
897 2222 1008 2278 τοῦτον
1040 2214 1081 2279 de
1112 2212 1329 2280 adulescente
1362 2212 1424 2280 dici

140 2310 359 2378 manifestum
384 2315 444 2376 est.

248 2410 399 2495 Denique
436 2430 523 2474 unus
559 2408 706 2475 oboritur
739 2407 852 2474 lenoni
887 2408 1061 2495 scrupulus
1096 2429 1161 2495 quo
1192 2407 1349 2495 fortasse,
1386 2411 1424 2474 ut

141 2507 348 2574 adulescenti
386 2506 557 2572 mulierem
591 2506 735 2591 uendat,
768 2509 1034 2572 commoneatur:
1071 2505 1110 2573 ei.
1142 2528 1197 2572 uu.
1221 2505 1265 2572 99
1282 2527 1353 2595 sqq.
1389 2510 1425 2573 et

141 2605 208 2671 Leo
232 2628 261 2692 p.
283 2605 356 2672 677.

249 2711 405 2797 Sequitur
427 2712 534 2798 prima
554 2711 709 2777 columna
732 2710 827 2776 cuius
848 2709 983 2776 dimidia
997 2732 1075 2797 pars
1092 2711 1225 2776 omnino
1243 2713 1297 2777 est
1312 2711 1424 2778 diruta

139 2810 190 2875 ita
219 2813 258 2875 ut
289 2830 424 2895 operam
458 2813 493 2875 et
527 2809 636 2876 oleum
671 2808 900 2895 perderemus,
947 2809 976 2874 si
1017 2809 1122 2895 ipsius
1164 2810 1286 2895 poetae
1317 2809 1424 2876 uerba

141 2907 278 2974 reficere
301 2907 520 2974 studeremus,
567 2908 632 2974 Sed
655 2908 684 2974 si
708 2907 842 2973 omnino
866 2905 1101 2993 supplementa
1123 2909 1365 2992 proponuntur,
1390 2906 1423 2973 id

140 3027 246 3072 unum
277 3009 456 3093 spectatur,
491 3009 531 3072 ut
566 3027 607 3072 ea
637 3027 723 3092 quae
755 3008 904 3071 aetatem
935 3004 1085 3071 tulerunt
1115 3025 1190 3070 eam
1219 3002 1289 3070 iere
1320 3023 1423 3091 quam

139 3106 311 3171 inuenisse
334 3105 431 3170 nobis
454 3103 607 3170 uidemur
637 3105 841 3170 sententiam
872 3103 995 3169 habere
1024 3102 1262 3188 comprobetur.
1308 3102 1423 3188 Atque

141 3203 237 3269 initio
262 3201 393 3290 quidem
424 3202 514 3288 loqui
538 3201 788 3268 adulescentem
810 3201 993 3266 meretricis
1025 3203 1209 3266 amatorem
1239 3199 1297 3286 qui
1322 3219 1355 3265 u.
1379 3198 1422 3264 19

146 3303 255 3366 Φειδία
279 3299 465 3386 adpelletur
486 3302 575 3366 recte
598 3300 665 3365 Leo
690 3300 840 3385 exponit3
872 3298 1022 3381 singulae
1056 3300 1171 3363 autem
1201 3317 1255 3362 res
1286 3317 1422 3383 prorsus

142 3402 223 3465 sunt
245 3399 406 3480 incertae3
437 3396 544 3463 ueluti
572 3394 660 3483 quod
687 3396 753 3462 Leo
785 3417 803 3462 e
834 3417 993 3462 uersuum
1019 3396 1102 3461 1-2
1126 3394 1272 3481 reliquiis
1303 3395 1422 3461 adule-

142 3498 266 3565 scentis
289 3499 418 3584 patrem
442 3495 529 3560 male
552 3515 621 3560 rem
645 3494 788 3578 gessisse
816 3495 982 3581 priuatam
1008 3493 1182 3576 concludit,
1206 3490 1324 3559 eadem
1347 3513 1421 3559 cum

140 3598 211 3662 ueri
234 3595 343 3682 specie
368 3593 570 3660 contrarium
601 3591 690 3679 quod
722 3592 767 3659 sit
789 3592 922 3659 efficere
945 3595 1050 3678 potes.
1097 3589 1162 3657 Sed
1193 3591 1256 3657 hoc
1287 3593 1421 3657 constat

140 3697 271 3780 patrem
302 3695 352 3758 ἐπὶ
381 3695 510 3776 πράξεις
539 3694 624 3763 τινάς
653 3693 672 3758 i.
698 3714 724 3757 e.
755 3693 891 3774 negotia
923 3688 1121 3776 expediendi
1151 3709 1254 3754 causa
1286 3709 1421 3775 peregre

140 3792 275 3857 uersari.
322 3790 385 3870 Qui
408 3792 504 3875 pater
520 3811 577 3855 our
600 3789 863 3875 suppellectilem
886 3788 956 3854 filio
980 3809 1048 3853 non
1071 3786 1250 3873 reliquerit,
1274 3785 1309 3851 id
1333 3785 1421 3872 quod

140 3889 206 3954 Leo
239 3886 419 3971 contendit,
452 3909 520 3953 non
550 3886 762 3970 intellegitur.
808 3888 854 3952 At
884 3887 955 3972 ipse
979 3885 1047 3950 Leo
1071 3906 1101 3970 p.
1118 3884 1183 3950 682
1208 3882 1321 3948 adna
1346 3904 1420 3949 cum

140 3987 274 4052 Terenti
297 3985 531 4052 Phormionem
558 3984 685 4069 laudat,
720 4005 787 4070 qua
818 3986 875 4049 uia
904 3980 1180 4070 progrediendum
1211 3981 1257 4047 sit
1285 3981 1419 4048 indicat

141 4085 214 4166 Qua
245 4085 280 4150 in
310 4083 427 4150 fabula
455 4105 572 4150 seruus
595 4081 795 4148 Phaedriam
826 4081 939 4148 erilem
969 4079 1086 4164 filium,
1120 4080 1176 4165 qui
1206 4100 1290 4145 suae
1322 4098 1421 4146 curae

248 4264 266 4334 ¹)
286 4263 323 4318 cf.
336 4262 463 4320 Axionic.
484 4262 517 4317 ir.
531 4261 548 4316 6
561 4262 594 4315 Κ.
614 4260 683 4315 CAF
697 4260 723 4314 ll
742 4277 767 4330 p.
780 4259 834 4313 414
853 4275 879 4312 u.
894 4257 928 4313 10
940 4275 981 4330 sq.
1066 4255 1116 4309 o‘oa
1134 4256 1163 4310 τ’
1182 4255 1268 4328 εἴρηκέ
1285 4277 1320 4326 με

730 4344 822 4403 κακῶς,
842 4335 977 4408 ὁμολογῶν
995 4335 1138 4394 striderent·
1157 4334 1318 4407 βλάπτομαι,
