3098 4956
660 268 882 334 ..17-

129 448 275 512 uocatur
299 465 367 510 non
390 443 617 509 inueniuntur.
650 444 763 530 Atque
787 444 852 509 hoc
874 445 1109 525 argumentum
1132 465 1189 531 per
1212 465 1248 510 se
1272 465 1348 511 oum
1371 445 1415 510 sit

131 565 175 610 ex
206 542 339 609 silentio
362 543 505 628 petitum
534 542 617 607 satis
640 541 806 607 infirmum
830 540 993 608 refutauit
1015 540 1185 633 Dziatzko,
1210 541 1271 607 Rh.
1294 542 1336 608 M.
1360 543 1412 627 55,

133 641 221 707 1900
243 663 274 728 p.
294 639 357 706 104
369 662 448 727 sqq,
472 660 548 705 oum
567 640 602 704 in
627 661 667 705 ea
682 637 799 705 fabula
816 639 860 705 de⁴
874 660 941 725 qua
956 638 1068 704 Plauti
1084 637 1238 725 Epidicus
1255 661 1415 725 expressa

131 743 194 818 est,
211 740 347 804 tratrem
364 758 509 803 sororem
526 736 643 803 eodem
655 740 749 822 patre
762 740 869 803 matre
883 736 950 803 aha
961 741 1078 802 natam
1092 736 1236 820 duxisse,
1252 736 1414 804 Macoium

129 858 223 920 uero,
255 838 295 902 ut
317 837 544 901 Romanorum
575 834 748 900 hominum
778 835 879 901 moris
902 835 1066 900 rationem
1089 835 1239 916 haberet,
1272 835 1415 901 alterum

131 935 262 1001 exitum
285 934 493 1015 excogitasse
517 932 671 1000 ostendit.
707 931 800 1012 Quae
824 954 899 998 cum
922 933 972 999 ita
995 933 1064 999 sint
1086 933 1145 998 uix
1167 933 1247 999 licet
1263 932 1415 1000 dubitare

131 1034 213 1120 quin
228 1029 410 1097 Menander
426 1030 592 1116 scripserit
608 1053 639 1096 u.
655 1031 675 1097 9
689 1052 735 1116 sq.
756 1032 935 1114 cretaeae)
945 1032 980 1096 δὲ
995 1028 999 1119 Ι
1014 1027 1119 1119 [αὐτὸς
1135 1029 1162 1119 ὁ]
1178 1033 1283 1115 πατήρ
1300 1051 1327 1096 e.
1343 1053 1371 1117 q.
1388 1053 1414 1096 ε.

130 1130 294 1216 Reliquae
318 1129 405 1194 enim
429 1149 513 1213 quas
538 1150 591 1193 uu.
609 1126 660 1193 dd.
684 1131 929 1214 proposuerunt
952 1129 1161 1194 coniecturae
1186 1150 1224 1194 eo
1248 1127 1413 1212 laborant,

131 1226 222 1314 quod
246 1246 388 1313 sponsae
418 1229 453 1291 et
476 1224 700 1291 adulescentis
723 1228 854 1313 patrem
882 1225 1026 1293 eundem
1050 1248 1124 1292 esse
1148 1227 1280 1292 disertis
1302 1227 1414 1293 uerbis

130 1346 201 1392 non
217 1324 345 1408 dicitur,
369 1324 403 1389 id
419 1324 517 1411 quod,
537 1344 612 1389 oum
627 1324 816 1390 rarissimae
832 1324 901 1390 sint
915 1323 1002 1390 tales
1018 1325 1167 1409 nuptiae,
1184 1323 1297 1410 prooul
1314 1323 1413 1390 dubio

132 1423 197 1489 dici
220 1423 359 1508 oportet.
394 1421 543 1486 Transeo
560 1419 603 1487 ad
620 1443 650 1488 u.
668 1424 720 1506 11,
745 1443 810 1508 quo
827 1443 927 1488 uersu
944 1422 984 1488 de
1001 1430 1126 1508 sponsa'
1142 1423 1280 1509 eiusque
1296 1424 1413 1509 matre,

130 1541 279 1588 nouerca
301 1541 373 1602 sua,
404 1519 601 1586 adulescens
625 1519 779 1606 loquitur.
825 1521 937 1606 Atque
961 1541 1077 1586 omnes
1099 1519 1169 1586 fere
1192 1542 1247 1586 uu.
1272 1520 1323 1586 dd.
1345 1546 1413 1606 τρε-

131 1621 306 1704 φομένηςῖ)
342 1616 431 1704 quod
466 1620 518 1683 est
552 1617 714 1683 traditum
747 1619 781 1683 in
816 1622 995 1703 τρεφομένη
1031 1621 1257 1684 mutauerunt
1316 1617 1414 1684 Solus

134 1715 358 1784 Wilamowitz
374 1718 487 1781 cartae
502 1714 681 1781 lectionem
696 1716 899 1782 seruandam
915 1736 988 1782 esse
1005 1714 1117 1782 docuit
1131 1715 1151 1781 1.
1163 1737 1189 1783 e.
1205 1738 1235 1803 p.
1248 1715 1313 1781 520
1329 1715 1414 1798 adn,

131 1817 167 1881 ot
190 1813 312 1879 Kaibel
342 1811 511 1899 suppleuit
541 1810 606 1901 [τῆς
636 1815 671 1878 δὲ
700 1815 822 1899 μητρὸς
851 1811 916 1902 τῆς]
940 1816 1010 1880 νυνὶ
1033 1815 1182 1898 γυναικὸς
1202 1817 1413 1898 τρεφομένης-ς

131 1934 199 1999 quo
230 1914 265 1978 in
296 1910 527 1999 supplemento
559 1911 737 1994 genetiuus
760 1921 815 1996 τῆς
839 1914 874 1977 δὲ
895 1913 1018 1997 μητρὸς
1045 1932 1121 1977 oum
1150 1911 1240 1977 unde
1268 1912 1415 1998 pendeat

130 2031 202 2077 non
232 2010 316 2076 satis
347 2009 391 2074 sit
422 2007 615 2090 dilucidum,
650 2010 801 2095 possitne
832 2009 911 2076 ferri
941 2009 1172 2075 dubitauerim.
1225 2008 1295 2074 Nec
1325 2009 1414 2096 quod

130 2107 358 2174 Wilamowitz
383 2106 486 2172 uertit
508 2108 589 2172 ‘Das
607 2106 716 2188 Weib,
741 2106 801 2174 das
826 2128 861 2172 er
882 2108 964 2193 jetzt
986 2107 1042 2173 bei
1065 2107 1135 2173 sich
1158 2107 1240 2189 hat’,
1265 2106 1415 2173 exomni

130 2209 228 2292 parte
252 2205 489 2272 adsentiemur.
523 2203 610 2269 Nam
635 2208 704 2271 νυνὶ
727 2227 801 2271 curn
825 2227 894 2271 non
917 2205 963 2270 sit
985 2205 1132 2292 positum
1155 2205 1242 2271 inter
1265 2205 1416 2288 γυναικὸς

131 2307 168 2370 et
190 2305 388 2387 τρεφομένης
410 2301 470 2368 sed
496 2304 576 2368 ante
602 2305 761 2386 γυναικὸς,
787 2323 862 2369 cum
885 2303 948 2369 hoc
971 2303 1073 2369 uerbo
1097 2301 1230 2368 uidetur
1245 2323 1319 2369 esse
1335 2324 1414 2368 oon·

130 2401 338 2485 iungendum
362 2403 397 2466 et
419 2400 622 2466 uertendum
646 2404 699 2466 ‘ea
722 2421 810 2487 quae
834 2421 924 2467 nune
948 2401 1059 2467 uxoris
1075 2401 1146 2467 loco
1163 2399 1274 2467 alitur'
1290 2431 1335 2456 =
1350 2400 1415 2467 ‘die

132 2520 169 2565 er
200 2499 250 2564 als
273 2497 371 2564 Weib
403 2499 486 2584 J'etot
515 2498 571 2563 bei
600 2497 670 2564 sich
693 2498 773 2564 hat’.
820 2496 904 2584 Ergo
929 2499 957 2564 si
979 2519 1069 2565 nuno
1092 2499 1204 2564 uxoris
1227 2497 1299 2564 looo
1323 2496 1415 2564 illam

132 2597 179 2663 ali
202 2594 334 2662 disertis
365 2596 477 2662 uerbis
501 2595 631 2678 dieitur,
664 2598 767 2661 antea
800 2617 875 2662 eam
905 2600 944 2661 ut
974 2617 1043 2663 uon
1065 2597 1178 2662 uxoris
1201 2597 1272 2662 loco
1296 2596 1415 2662 alitam

132 2715 218 2778 esse,
243 2695 290 2759 sio
313 2696 401 2759 certe
426 2693 542 2759 alitam
568 2714 641 2759 esse
665 2693 882 2760 manifestum
907 2696 968 2762 est.
1001 2696 1051 2760 Ac
1074 2694 1180 2760 ueluti
1202 2695 1266 2760 hac
1282 2715 1413 2780 quoque
1487 2714 1491 2720 ·

131 2795 247 2858 aetate
270 2789 438 2857 interdum
460 2789 512 2874 iit,
547 2795 584 2856 ut
608 2812 683 2856 erus
707 2812 810 2859 uxore
835 2791 996 2858 defuncta
1019 2791 1184 2873 ancillam,
1214 2793 1293 2858 dum
1315 2792 1413 2858 modo

132 2889 296 2976 coquendi
327 2892 435 2956 artem
464 2890 550 2956 bene
583 2887 741 2973 didicerit,
772 2891 807 2956 in
838 2891 1088 2958 matrimonium
1110 2890 1221 2973 ducat,
1251 2892 1301 2956 ita
1325 2889 1415 2976 apud

131 2988 354 3055 Menandrum
383 2987 419 3052 in
449 2986 692 3054 Pseudheracle
728 2988 864 3074 quidam
895 2988 1044 3074 coniugis
1075 2991 1228 3056 mortuae
1258 2989 1414 3055 ancillam

131 3085 238 3151 habet
259 3084 421 3171 paelicem
442 3083 615 3152 1152011.
640 3085 722 3151 OAF
744 3086 788 3152 111
810 3108 841 3172 p.
859 3087 936 3153 149:

383 3203 488 3285 μήτηρ
511 3203 645 3284 τέθνηκε
668 3209 735 3266 ταῖν
759 3204 913 3285 ἀδελφοῖν
935 3210 1002 3267 ταῖν
1026 3203 1115 3267 δυοῖν

384 3301 517 3364 tactae·
541 3302 648 3382 τρέφει
672 3300 707 3363 δὲ
729 3300 874 3382 παλλακὴ
897 3325 942 3371 τις
964 3307 1020 3364 τοῦ
1043 3300 1164 3383 πατρὸς

385 3399 489 3472 αὐτάς,
514 3399 598 3481 ἅβρα
620 3405 675 3481 τῆς
696 3398 819 3482 μητρὸς
842 3399 947 3463 αὐτῶν
971 3400 1133 3481 γενομένη.

132 3503 251 3589 Itaque
275 3503 377 3570 etiam
400 3502 492 3568 illam
517 3524 618 3589 quam
642 3503 867 3571 adulescentis
887 3506 983 3590 pater
997 3503 1103 3570 habet
1118 3524 1264 3584 uxorem,
1288 3502 1414 3569 scilicet

132 3621 203 3667 non
224 3600 408 3685 legitimam
433 3600 502 3683 sed,
525 3601 560 3667 id
583 3603 671 3687 quod
687 3602 914 3670 Wilamowitn
936 3601 955 3669 l.
973 3623 998 3670 s.
1015 3601 1162 3669 ostendit
1184 3623 1214 3688 p.
1230 3601 1306 3683 520,
1329 3623 1413 3688 pae-

131 3697 240 3782 licem,
264 3697 419 3765 ancillam
442 3698 549 3763 iuisse
574 3700 645 3765 ueri
668 3703 721 3766 est
743 3700 955 3768 simillimum
989 3699 1059 3767 Neo
1081 3721 1150 3766 non
1172 3700 1280 3786 ipsam
1295 3719 1413 3764 uocem

133 3800 219 3881 ἅβρα
235 3795 279 3862 ad
291 3796 481 3862 sanandum
496 3817 631 3862 uersum
646 3797 684 3862 ll
700 3797 931 3863 adhibebimus
946 3796 1038 3863 haud
1050 3797 1195 3863 alienam
1207 3820 1229 3863 a
1239 3796 1414 3879 Menandri

134 3894 278 3960 dictione
302 3894 340 3960 ot
363 3893 401 3960 fr.
418 3893 513 3960 64Κ.
538 3892 620 3959 OAF
643 3894 688 3958 111
711 3915 740 3980 p.
756 3895 812 3959 21:

242 4088 261 4159 1)
279 4084 411 4141 ἐκδιδότω
433 4088 533 4143 eadem
558 4104 614 4159 qua
636 4085 738 4142 ‘edere'
762 4087 873 4142 ratione
897 4091 1049 4159 usurpatur
1073 4088 1108 4144 de
1126 4089 1251 4159 patribus
1271 4088 1319 4159 qui
1337 4086 1413 4142 iilius

132 4167 161 4223 in
181 4168 360 4223 matrimonio
386 4168 528 4223 collocant
558 4167 593 4223 ci.
612 4167 712 4223 Pollux
731 4167 813 4222 11135
831 4184 858 4238 p.
874 4168 958 4234 166,1
983 4168 1074 4223 Bothe
1092 4168 1107 4220 ὁ
1127 4164 1155 4220 δὲ
1172 4166 1302 4239 πενθερὸς
1327 4165 1413 4238 ἐγγυᾶν

133 4279 167 4289 -
179 4243 298 4301 tuditani
315 4249 388 4304 Men.
407 4248 552 4304 fr.102K.
571 4248 640 4303 OAF
658 4249 695 4303 lll
713 4265 739 4320 p.
752 4247 785 4302 31
806 4247 834 4304 ds
852 4249 898 4300 οὐκ
915 4251 949 4301 ἂν
966 4244 1054 4315 ἐκδοίη
1070 4249 1220 4319 θυγατέρας
1237 4247 1354 4317 ἄσμενος.

242 4330 262 4398 ²)
281 4327 361 4398 Quod
373 4331 490 4384 uerbum
501 4328 536 4382 de
546 4330 738 4385 meretricibus
747 4329 925 4400 potissimum
934 4333 1085 4400 usurpatur
1095 4328 1183 4383 ueluti
1190 4328 1411 4399 Antiphonti.

133 4408 204 4463 chr
218 4408 244 4463 11
262 4425 288 4479 p.
305 4408 345 4473 13,
364 4409 447 4479 Diph.
460 4408 494 4462 fr.
507 4409 550 4471 87,
562 4408 621 4463 511.
641 4410 710 4464 CAF'
723 4409 747 4463 II
765 4427 792 4481 p.
806 4409 867 4465 570.
895 4409 1058 4480 Ubicunque
1076 4413 1172 4464 autem
1185 4409 1220 4463 de
1238 4410 1370 4464 uxoribus
1384 4412 1413 4463 et

132 4488 272 4544 matronis
291 4489 399 4555 dicitur,
419 4504 531 4558 semper
550 4489 675 4543 taedium
697 4490 805 4544 redolet
823 4490 983 4560 superbiam
1002 4489 1158 4554 fastidium,
1176 4492 1210 4544 ut
1221 4489 1249 4543 in
1267 4487 1412 4544 Menandri

133 4585 207 4641 quae
217 4568 347 4623 feruntur
355 4568 541 4624 monostichis
550 4569 605 4623 468
618 4569 687 4625 0111*
696 4571 733 4625 IV
743 4587 771 4643 p.
780 4570 834 4626 353
845 4570 932 4629 Mein.
938 4569 1089 4644 'theoph
1095 4567 1348 4634 biesshmffiq
1353 4565 1434 4616 RQ·

181 4663 347 4709 Kretsohmar.
1245 4652 1274 4704 ‘h
