3098 4956
657 289 879 355 ,43-

133 467 179 529 καλ
209 467 347 529 καλεῖται
374 472 464 530 τοῦτο
491 468 634 549 βουβών,
665 474 720 530 τοῦ
749 469 876 539 πάθους
897 468 955 550 τὴν
985 469 1201 550 προσηγορίαν
1228 473 1285 531 τῶι
1307 468 1408 531 τόπωι

131 566 353 646 χαρισαμένου.
401 561 559 645 Congruit
587 583 663 628 cum
685 564 738 628 his
770 564 928 629 extremis
950 562 1133 629 Alexandri
1157 563 1266 629 uerbis
1289 562 1409 629 Pollux

131 681 244 725 uocem
272 663 406 745 βουβών
434 661 482 726 sic
508 662 750 747 interpretatus
773 661 802 726 Π
826 663 890 727 186
913 685 943 748 p.
963 661 1034 739 140,
1053 661 1091 727 15
1116 661 1221 727 Bethe
1244 663 1281 726 τὰ
1307 664 1335 726 δ’
1352 665 1407 745 ἔμ-

129 760 271 842 προσθεν
302 759 389 840 παρὰ
420 760 494 830 τοὺς
523 760 649 843 μηροὺς
672 763 845 844 βουβῶνες,
877 761 924 830 οίς
954 761 1007 823 καὶ
1030 761 1065 823 τὸ
1088 762 1196 831 πάθος
1219 761 1248 823 ’ὁ
1264 762 1407 843 βουβὼν

129 858 293 939 ἐπιγίνεται
310 859 344 920 et
359 855 465 920 V202
488 877 518 941 p.
534 856 640 937 261,5
657 857 762 922 Bothe
779 857 910 941 βουβὼν
925 859 996 940 περὶ
1012 859 1182 941 βουβῶνας
1197 859 1315 941 οἴδημα
1330 859 1409 941 μετὰ

129 956 319 1037 φλεγμονῆς.
364 955 412 1018 nt
434 953 636 1020 monendum
663 959 814 1020 σείσατο
836 975 953 1020 uocem
985 955 1087 1020 etiam
1110 954 1212 1020 latius
1235 959 1351 1039 patere
1376 957 1410 1020 et

130 1052 265 1117 omnino
283 1055 467 1118 ‘tumorem’
493 1053 681 1134 significare
705 1052 812 1117 ueluti
836 1051 924 1137 apud
941 1051 1093 1117 Cassium
1112 1051 1255 1132 Felicem
1277 1055 1410 1134 ἰατρικαὶ

130 1152 259 1233 ἀπορίαι
274 1151 328 1213 καλ
343 1152 553 1234 προβλήματα
571 1154 691 1234 φυσικά
709 1151 752 1215 40
767 1183 803 1202 --
819 1149 833 1213 Ι
856 1172 885 1236 p.
903 1149 1030 1231 158,16
1051 1148 1157 1215 ldeler
1176 1153 1229 1214 καί
1245 1153 1410 1234 βουβῶνες

130 1250 181 1327 (sc.
207 1251 411 1329 συνίστανται)
436 1251 469 1312 ἐν
491 1250 652 1332 μασχάληι
675 1251 779 1313 ἑλκῶν
802 1248 874 1331 περὶ
896 1255 983 1330 χεῖρα
1008 1250 1115 1334 ὄντοινΙ
1133 1247 1168 1312 id
1184 1247 1272 1333 quod
1295 1254 1410 1313 tamon

131 1343 171 1409 ad
187 1343 365 1410 Menandri
379 1346 468 1411 hunc
491 1344 601 1412 locum
621 1367 689 1411 non
705 1346 859 1432 pertinet.
897 1344 935 1409 ln
952 1366 1016 1430 quo
1032 1344 1104 1410 loco
1122 1344 1274 1410 consulto
1292 1344 1409 1410 Dauus

130 1450 185 1507 τῶι
222 1446 344 1526 γέροντι
375 1441 506 1508 disertis
537 1444 649 1509 uerbis
681 1442 788 1526 addit,
824 1446 863 1508 ut
895 1445 1059 1528 quantum
1093 1442 1194 1508 fuerit
1228 1442 1411 1528 periculum

131 1540 267 1623 indicet3
290 1561 370 1605 nam
394 1561 492 1605 senes
508 1542 643 1623 grauius
664 1541 787 1606 morbis
811 1540 910 1606 adfici
934 1562 1036 1626 quam
1058 1544 1144 1606 natu
1166 1541 1310 1606 minores
1327 1541 1410 1606 satis

133 1641 183 1704 est
205 1640 480 1703 consentaneum.
516 1639 586 1703 lam
610 1660 690 1704 uero
706 1639 872 1722 Philinna,
898 1660 983 1724 quae
1007 1640 1186 1721 aegerrime
1202 1637 1299 1722 ierat,
1324 1638 1412 1724 quod

133 1734 184 1801 ille
203 1735 350 1817 eleganti
373 1739 408 1800 et
426 1736 553 1802 urbano
579 1758 660 1801 usus
685 1758 836 1802 sermone
863 1758 937 1801 cum
953 1758 1006 1802 res
1023 1737 1107 1802 bene
1125 1740 1238 1819 gestas
1263 1759 1298 1802 se
1323 1758 1412 1802 nun-

134 1833 215 1898 tiare
240 1832 384 1915 simulet,
416 1836 550 1899 tantam
577 1835 805 1908 calamitatem
828 1837 928 1899 tanta
960 1856 1034 1899 cum
1066 1835 1243 1901 atrocitate
1273 1837 1413 1917 enarret,

134 1932 267 1997 retineri
290 1931 357 1996 iam
380 1952 449 1997 non
472 1935 593 2017 potest,
618 1935 698 2018 quin
721 1933 756 1997 in
780 1932 872 1998 illum
892 1933 1084 1998 inuehatur:

455 2051 520 2112 ἀλλ’
534 2051 775 2133 ε’κκορηιλείηςῙ)
800 2052 869 2132 σύγ’
894 2051 944 2113 σία
967 2050 1092 2131 τάγαθὰ

455 2150 541 2229 ἥκεις
564 2149 777 2230 ἀπαγγέλλων.

135 2268 200 2334 Sed
224 2270 342 2334 statim
365 2269 499 2334 iubetur
522 2272 633 2336 tacere
657 2274 775 2335 σιώπα·
787 2273 942 2354 γράιόιον;
975 2292 1059 2356 quae
1084 2271 1188 2336 uerba
1212 2290 1287 2336 cum
1311 2271 1413 2352 signis

134 2368 255 2452 quibus
280 2388 496 2452 personarum
519 2369 724 2434 mutationes
756 2368 944 2434 indicentur
967 2368 1096 2434 inclusa
1119 2370 1196 2453 sint,
1227 2389 1295 2433 non
1318 2368 1413 2432 Dauo

134 2466 192 2551 qui
216 2486 258 2529 ea
281 2486 367 2550 quae
390 2487 450 2529 uu.
474 2465 516 2530 55
529 2487 597 2551 sqq.
622 2469 808 2551 sequuntur
835 2466 1000 2551 loquatur,
1034 2465 1091 2531 sed
1115 2465 1303 2552 Myrrhinae
1335 2469 1415 2530 sunt

134 2563 321 2628 tribuenda.
368 2562 463 2642 Quod
488 2568 603 2630 autem
618 2564 710 2628 illam
733 2564 818 2629 haec
834 2565 941 2629 dicere
963 2585 1062 2649 posse
1077 2563 1198 2628 Kaibel
1220 2565 1323 2644 negat
1342 2563 1415 2628 eDie

133 2660 252 2725 Worte
276 2665 380 2726 σιώπα
397 2663 539 2745 γράιὸιον
564 2663 621 2727 der
637 2662 805 2749 Myrrhine
828 2684 869 2726 zu
886 2662 1002 2746 geben,
1026 2661 1120 2726 kann
1135 2663 1189 2727 ich
1213 2661 1300 2725 mich
1323 2660 1416 2726 nicht

135 2758 377 2843 entsehliessen3
412 2760 465 2824 fiir
493 2759 583 2825 Daos
615 2781 738 2846 passen
774 2762 821 2825 sie
851 2759 1079 2841 vortrefflich',
1116 2762 1314 2842 argumenta
1347 2779 1416 2824 non

134 2855 274 2942 protulit
296 2877 404 2942 neque
429 2858 518 2923 unde
543 2863 743 2940 argumenta
767 2859 834 2923 sint
857 2855 1004 2943 petenda
1030 2857 1169 2943 planum
1193 2861 1254 2925 est.
1277 2855 1364 2921 Nam
1388 2857 1416 2921 si

134 2955 168 3019 in
200 2974 283 3019 uoce
317 2957 459 3038 γράιόισν
490 2955 633 3022 offendit
664 2957 716 3020 uir
739 2956 870 3022 doctus:
908 2957 1044 3020 Dauum
1078 2955 1134 3041 qui
1168 2954 1417 3020 humanitatem

134 3053 423 3139 reuerentiamque
459 3053 601 3136 simulet,
638 3075 706 3119 non
740 3054 846 3137 magis
882 3051 978 3118 decet
1012 3054 1075 3118 hac
1111 3074 1192 3119 uoce
1227 3054 1278 3117 uti
1316 3073 1417 3137 quam

119 3150 348 3236 Myrrhinam.
394 3150 464 3216 Nec
493 3151 828 3237 praetermittendum
860 3156 912 3216 est
941 3151 977 3215 in
1008 3155 1102 3216 carta
1130 3152 1288 3236 scriptum
1312 3148 1418 3214 uideri

134 3238 367 3342 ΙῬΑΪΔΙΟΝ,
413 3258 453 3324 de
481 3280 556 3344 ,qua
597 3260 759 3344 scriptura
798 3258 866 3341 egit
904 3256 1054 3339 Ordnert,
1094 3257 1253 3322 Memoria
1289 3257 1417 3323 Graeca

135 3354 394 3421 Herculanensis
425 3378 456 3441 p.
471 3356 515 3420 48
544 3356 618 3422 adn.
635 3357 665 3421 4.
718 3356 872 3422 Formam
907 3359 1021 3421 autem
1052 3357 1203 3439 γράιὸιον,
1240 3375 1340 3440 quam
1375 3374 1417 3419 ne

135 3453 265 3518 numeri
288 3454 465 3519 turbentur
487 3455 550 3520 hoc
572 3456 644 3521 loco
668 3455 799 3520 restitui
824 3475 961 3519 necesse
986 3456 1047 3535 est,
1071 3455 1106 3517 in
1129 3453 1242 3518 Attico
1267 3472 1417 3518 sermone

136 3551 244 3634 magis
283 3552 445 3616 usitatam
483 3552 587 3617 fuisse
620 3553 658 3618 V.
685 3557 718 3617 et
741 3553 794 3618 IV.
827 3558 906 3618 ante
946 3551 1112 3617 Christum
1148 3551 1281 3616 saeculo
1318 3570 1419 3635 quam

137 3648 278 3714 alteram
296 3649 350 3714 uel
371 3672 413 3715 ex
434 3671 472 3716 eo
489 3649 702 3734 intellegitur,
729 3650 816 3736 quod
832 3650 921 3736 apud
934 3650 1193 3734 Aristophanem
1209 3650 1245 3713 in
1260 3648 1418 3713 trimetris

246 3872 264 3943 1)
284 3869 452 3943 ἑκκσρηθελης
482 3871 540 3942 σύγε
567 3872 751 3926 Menandrum
780 3872 883 3926 dixisse
908 3874 1062 3942 antequem
1093 3871 1164 3925 haec
1193 3872 1272 3924 carta
1295 3867 1420 3922 innotuit

137 3952 273 4006 traditum
292 3951 467 4006 habebamus
486 3952 519 4006 fr.
541 3952 595 4007 903
606 3953 639 4006 Κ.
654 3952 723 4005 OAF
742 3951 780 4004 ΙΙΙ
799 3968 825 4021 p.
839 3951 892 4004 236
912 3952 996 4020 (Suid.
1017 3967 1039 4005 s.
1050 3969 1077 4005 u.
1097 3949 1264 4018 ἐκκορηθιληι
1283 3951 1313 4002 et
1330 3948 1419 4003 schol.

138 4032 281 4101 Aristoph.
293 4032 359 4086 Pac.
369 4032 404 4086 59
422 4049 449 4102 p.
461 4032 570 4087 172b19
588 4031 720 4100 Dirbner).
749 4031 829 4098 Quod
845 4031 1036 4099 fragmentum
1055 4030 1176 4085 forsitan
1196 4047 1231 4084 ex
1249 4030 1304 4082 hac
1322 4028 1421 4083 fabula

140 4111 309 4182 exscriptum
329 4113 373 4177 sit,
400 4113 543 4167 sedidem
574 4129 608 4167 ex
628 4112 718 4166 altera
746 4111 868 4182 quadam
890 4110 989 4165 tabula
1014 4110 1150 4179 originem
1178 4110 1279 4163 ducere
1298 4109 1356 4162 ueri
1376 4111 1421 4162 est
1488 4117 1489 4120 ’

139 4192 264 4247 similius.
303 4192 335 4245 ln
354 4193 461 4247 scholio
484 4193 558 4247 enim
577 4194 626 4248 hs,
646 4193 780 4262 scriptum
799 4192 925 4246 uidemus
954 4189 987 4246 ὥς
1004 4209 1055 4241 που
1082 4194 1127 4241 καὶ
1145 4188 1159 4241 ὃ
1178 4186 1332 4260 Μένανδρός
1357 4207 1420 4256 φησι

138 4269 264 4327 πολλάκις
282 4269 449 4343 ἐκκορηθείης
468 4271 534 4342 odys.
553 4274 595 4328 Ac
606 4290 669 4328 cum
678 4289 736 4326 uox
744 4269 993 4343 πολλάκις-ηαασ
1013 4271 1094 4325 deest
1112 4270 1187 4340 apud
1198 4269 1357 4324 Suidam-
1368 4285 1421 4323 nec

138 4351 286 4406 Menandri
305 4369 367 4406 esse
385 4353 484 4423 possit,
512 4353 541 4406 id
569 4353 645 4425 quod
664 4353 792 4407 Meineke
812 4352 879 4406 CGF
897 4351 936 4405 1v
954 4367 981 4420 p.
994 4350 1047 4404 303
1072 4349 1191 4419 agnouit
1209 4349 1246 4404 cf.
1265 4348 1421 4403 Bernhardi

139 4431 157 4486 l.
171 4449 192 4487 s,
212 4449 239 4503 p.
252 4432 304 4486 285
324 4431 376 4487 No.
395 4433 415 4498 I,
436 4449 488 4487 nec
507 4435 531 4487 si
551 4450 613 4488 cum
642 4432 814 4487 scholiastae
841 4432 933 4486 uerbis
959 4431 1146 4500 coniungatur
1174 4434 1240 4500 post
1257 4448 1308 4481 που
1326 4429 1422 4499 posita

140 4518 239 4582 aptum
258 4512 394 4581 praebeat
413 4529 534 4578 sensum,
555 4529 613 4566 non
631 4513 722 4566 habeo
742 4513 817 4583 quod
830 4512 972 4566 Theodori
984 4511 1064 4566 Koch
1078 4509 1257 4566 coniecturae
1268 4505 1422 4576 Μένανδρός

141 4611 204 4660 φησι
221 4589 398 4664 Π<α>λλακ<ῆ
408 4591 423 4664 >
445 4609 594 4664 opponam·
614 4591 756 4646 enNicore
774 4592 792 4646 l.
806 4609 827 4647 s.
846 4609 873 4663 p.
889 4592 930 4647 19.
