3098 4956
736 82 958 148 ..46-

207 263 289 346 πρὸς
311 264 428 345 ὑγιείην
450 263 552 345 τείνηι.
598 260 683 341 Ergo
715 260 786 325 ueri
810 262 863 325 est
891 259 1094 325 simillimum
1117 281 1148 325 u.
1165 260 1207 325 59
1233 262 1389 343 exeunte,
1422 282 1483 346 quo

208 358 306 426 modo
330 359 497 425 recentius
520 357 644 423 uulnus
669 356 867 423 adulescens
900 359 1072 424 sanauerit
1099 357 1284 423 indicatum
1306 358 1423 440 fuisse,
1453 357 1485 424 id

208 457 296 544 quod
318 457 368 522 ita
391 456 460 521 fere
484 458 618 542 poterat
649 455 789 541 exprimi
811 461 850 520 ut
883 454 1202 521 medicamentorum
1231 457 1266 521 in
1294 457 1485 522 uniuersum

207 555 305 621 fieret
327 554 466 620 mentio:

208 785 249 851 cf.
273 785 342 852 Nic.
359 785 409 850 Al.
425 784 491 850 350
513 787 639 868 πορέειν
662 786 812 868 ἀλκτήρια
835 786 970 850 νούσων.

315 882 386 948 Iam
416 884 629 966 παρεμυύεῖύ’
659 885 677 946 ὃ
705 884 790 947 πάνυ
823 884 957 964 φαύλως
987 886 1050 967 ἔχει
1085 903 1160 948 eum
1192 881 1270 968 quid
1302 882 1366 949 sibi
1397 880 1486 964 uelit,

209 991 313 1076 primo
332 973 432 1075 quasi
452 988 574 1054 obtutu
597 1009 665 1054 non
689 987 850 1073 adpareat
860 988 885 1072 ²)
909 992 989 1053 sunt
1013 989 1070 1075 qui
1093 989 1267 1071 corrigant.
1306 989 1434 1055 Tamen
1457 987 1488 1054 id

209 1087 296 1172 quod
321 1089 373 1152 est
388 1086 550 1152 traditum
575 1084 778 1151 seruandum
794 1106 867 1151 esse
884 1086 1032 1152 arbitror.
1062 1087 1236 1152 Inuenitur
1252 1087 1340 1153 enim
1356 1090 1489 1172 φαύλως

209 1189 289 1269 ἔχειν
314 1185 412 1251 ‘male
444 1206 480 1250 se
504 1184 648 1266 habere,
680 1182 789 1248 ‘malis
820 1184 870 1248 uti
901 1184 1160 1250 condicionibue'
1191 1187 1393 1270 usurpatum
1423 1206 1490 1251 non

210 1283 319 1348 solum
335 1282 375 1347 de
392 1281 582 1348 hominibus
605 1302 723 1346 uerum
739 1281 840 1347 etiam
858 1280 899 1346 de
920 1282 1020 1348 rebus
1037 1281 1142 1348 ueluti
1159 1280 1247 1368 apud
1263 1281 1490 1349 Herodianum

210 1380 253 1446 ab
270 1402 339 1446 exc.
364 1378 429 1445 diu.
450 1379 548 1446 Maro.
569 1379 616 1445 13
640 1401 669 1466 p.
686 1381 717 1461 7,
731 1380 773 1444 25
797 1378 1034 1445 Mendelssohn
1058 1382 1125 1446 ἐπεὶ
1152 1383 1187 1446 δὲ
1210 1383 1309 1446 αάτῶι
1331 1382 1388 1453 τὰς
1410 1381 1492 1464 πρὸς

210 1481 369 1562 σωτηρίαν
393 1480 520 1550 ἐλπίδας
536 1480 671 1561 φαύλως
694 1481 775 1562 ἔχειν
791 1480 985 1544 ὑπώπτευεν.
1018 1478 1113 1545 Unde
1129 1479 1351 1544 Menandrum
1368 1479 1491 1544 dixisse

210 1575 297 1642 male
322 1598 357 1641 se
381 1576 504 1642 habere
527 1577 546 1641 i.
564 1597 591 1642 e.
615 1575 846 1640 difficillimam
877 1598 952 1641 esse
977 1576 1240 1643 consolationem
1262 1576 1407 1643 forsitan
1431 1575 1492 1642 ali-

210 1675 285 1760 quis
310 1672 495 1740 concludat.
542 1676 587 1740 At
611 1673 743 1755 longius
766 1673 911 1759 repetita
934 1677 986 1740 est
1010 1676 1093 1741 haec
1115 1675 1358 1761 interpretatio,
1391 1695 1493 1761 quam

210 1773 249 1837 ut
276 1792 358 1837 uera
390 1792 463 1837 esse
495 1770 658 1837 uideatur.
711 1771 829 1857 ltaque
860 1772 984 1838 rectius
1022 1793 1064 1839 ex
1094 1772 1328 1858 Aristophanis
1359 1772 1493 1858 profici-

210 1871 333 1935 scimur
349 1869 507 1952 dictione;
538 1870 595 1956 qui
618 1868 709 1934 haud
732 1870 847 1954 paucis
871 1869 953 1936 locis
977 1873 1112 1955 φαύλως
1134 1891 1193 1955 pro
1217 1872 1349 1954 ῥαιάίως
1372 1869 1492 1937 ‘facile'

211 1967 299 2048 dicit,
325 1967 446 2052 quibus
470 1968 510 2033 de
534 1966 615 2034 locis
639 1965 826 2052 disputauit
848 1967 944 2034 Kock
972 1969 1014 2035 ad
1037 1967 1095 2054 Eq.
1111 1969 1185 2034 213.
1231 1969 1513 2053 interpretamur

210 2066 311 2148 igitur
334 2069 352 2129 ὃ
375 2068 460 2131 πάνυ
484 2067 618 2149 φαύλως
641 2069 704 2149 ἔχει
726 2064 771 2130 ‘id
802 2064 891 2151 quod
922 2066 1118 2132 facillimum
1142 2068 1204 2132 est’
1230 2069 1265 2132 et
1287 2067 1338 2133 ita
1360 2067 1507 2153 quidem

211 2166 250 2228 ut
274 2184 350 2228 oum
366 2161 632 2229 dissimulatione
648 2162 732 2229 haec
747 2162 852 2229 uerba
868 2162 932 2229 dici
947 2168 1139 2230 statuamus
1156 2165 1194 2230 cf.
1211 2186 1242 2232 u.
1258 2165 1302 2230 48
1325 2163 1494 2255 χρησμῶς]

211 2264 304 2327 πάνυ.
350 2260 455 2327 Uenio
487 2261 530 2327 ad
563 2264 706 2346 ἀνέστησ
730 2283 761 2326 u.
778 2261 830 2345 62,
864 2263 958 2327 ouius
990 2263 1082 2328 uerbi
1113 2284 1233 2344 genere
1263 2263 1373 2329 medio
1406 2264 1511 2349 quod

212 2352 410 2454 nuncupant
432 2368 615 2434 Menander
642 2369 749 2434 utitur
780 2368 823 2433 ad
855 2369 1112 2452 significandum
1143 2391 1229 2453 eum,
1262 2369 1384 2456 quide
1407 2369 1518 2437 lactc>

213 2467 318 2548 surgit
340 2465 379 2537 fr.
396 2466 438 2533 67
448 2467 486 2532 K.
512 2465 593 2532 OAF
608 2466 653 2531 III
674 2487 704 2552 p.
721 2468 764 2532 23

1075 2568 1151 2650 ὅλην
1174 2569 1322 2650 ἐπίνομεν
1401 2631 1404 2638 ,

426 2663 482 2745 τὴν
505 2664 602 2726 νύκτα
627 2663 677 2727 dui
702 2664 736 2727 σὲ
759 2663 813 2726 καὶ
836 2663 952 2745 σφόδρ’
977 2665 1125 2746 ἄκρατόν,
1148 2690 1206 2747 μοι
1230 2666 1328 2729 δοκῶ.

427 2761 593 2842 ἀνίσταμαι
617 2767 694 2843 γοῦν
716 2763 862 2842 τέτταρας
885 2762 1027 2844 κεφαλὰς
1050 2765 1135 2845 ἔχων

214 2876 249 2940 et
264 2873 412 2940 actiuum
430 2895 536 2957 genus
553 2873 593 2940 de
610 2896 648 2941 eo
670 2875 750 2942 dicit
766 2875 831 2961 qui,
857 2877 896 2941 ut
912 2875 1033 2962 aliquis
1054 2880 1180 2960 surgat,
1206 2877 1311 2944 efficit
1326 2876 1365 2944 fr.
1383 2878 1449 2945 164
1456 2878 1496 2943 Κ.

428 3080 479 3163 ἆρ’
504 3083 566 3145 ἐστὶ
589 3083 719 3146 πάντων
742 3084 899 3165 ἀγρυπνία
922 3084 1110 3165 λαλίστατον,

428 3179 484 3261 ἐμὲ
507 3186 584 3262 γοῦν
608 3181 808 3263 ἀναστήσασα
833 3180 921 3262 δευρὶ
943 3182 1114 3263 προάγεται

428 3278 530 3340 λαλεῖν
554 3279 608 3340 ἀπ’
633 3279 734 3360 ἀρχῆς
756 3279 857 3341 πάντα
880 3277 935 3341 τὸν
958 3279 1097 3360 ἐμαυτοῦ
1119 3281 1199 3362 βίον.

215 3390 307 3470 Quae
332 3410 408 3455 oum
430 3390 481 3455 ita
504 3390 885 3477 sinthooquoquelooo
906 3390 1029 3477 dequo
1053 3394 1163 3476 agitur
1188 3394 1328 3460 uerbum
1352 3397 1491 3480 ἀνέστησ’

215 3487 366 3552 similiter
395 3487 549 3573 usurpari
579 3486 713 3553 uidetur
743 3509 784 3554 ea
806 3490 923 3555 tamen
953 3509 988 3555 re
1011 3493 1155 3573 mutata,
1189 3495 1228 3556 ut
1251 3512 1355 3558 senex
1385 3513 1493 3559 none

215 3606 333 3651 somno
358 3585 532 3668 excitetur,
557 3584 616 3652 sed
635 3585 840 3671 aliquamdiu
855 3588 1019 3673 tauquam
1041 3588 1128 3654 lecto
1153 3587 1287 3654 adfixus
1310 3610 1402 3656 nunc
1425 3611 1493 3656 am-

215 3683 331 3750 bulare
362 3683 500 3769 incipiat
530 3684 568 3749 of.
594 3683 784 3767 (Demosth.)
813 3683 886 3750 LIX
909 3686 951 3753 76
979 3707 1009 3771 p.
1034 3686 1128 3770 1364,
1138 3688 1181 3752 25
1212 3689 1260 3759 ὡς
1291 3688 1352 3772 γὰρ
1384 3690 1493 3773 ἀνέστη

216 3784 343 3866 τάχιστα
373 3784 407 3856 ἐξ
434 3784 554 3866 ἐκείνης
584 3790 639 3866 τῆς
670 3785 834 3856 ἀσθενείας
862 3785 1020 3869 Φράστωρ
1050 3787 1104 3849 καὶ
1135 3787 1286 3870 ἀνέλαβεν
1316 3787 1414 3851 αύτὸν
1444 3788 1496 3851 καί

323 3970 342 4039 ¹)
362 3968 469 4023 Eodem
492 3969 577 4024 modo
603 3969 704 4024 tertius
729 3973 759 4024 et
777 3973 893 4040 quartus
916 3970 1035 4025 trimetri
1052 3971 1140 4041 pedes
1165 3971 1315 4042 compositi
1338 3974 1407 4027 sunt
1424 3972 1498 4028 Men.

215 4047 250 4102 fr.
269 4047 374 4102 lssbK.
394 4048 463 4103 CAF
475 4049 513 4102 ΙΙΙ
531 4066 558 4121 p.
571 4049 606 4104 25
625 4048 678 4102 ἔστ’
696 4048 772 4119 ἔργον
790 4048 872 4121 εὖρεῖν
889 4048 1033 4120 πρόφασιν,
1053 4047 1167 4121 ὀλέθρου
1185 4046 1210 4102 δ’
1219 4049 1332 4123 τίπορον

216 4128 290 4183 Men.
308 4127 343 4183 fr.
356 4128 441 4194 5711
452 4129 486 4185 K.
506 4129 576 4184 CAF
594 4130 632 4184 lll
650 4147 677 4200 p.
692 4130 743 4184 175
761 4127 826 4182 ὅταν
844 4149 871 4182 τι
888 4129 1016 4201 πράττηιτ
1033 4129 1107 4183 ὅσων
1124 4130 1231 4200 ἀγαθὴν
1248 4127 1344 4184 §laida

216 4209 289 4264 Men.
307 4208 342 4263 fr.
355 4208 452 4265 63114.
471 4210 540 4265 GAF
554 4211 593 4265 111
612 4228 638 4281 p.
654 4210 705 4265 188
723 4210 811 4266 οὐθεὶς
829 4207 961 4278 ἐφάίτοῦ
978 4209 1011 4263 τὰ
1029 4209 1099 4263 κακὰ
1117 4216 1229 4281 συνορᾶι,
1248 4208 1385 4280 Πάμφιλε.

324 4289 344 4358 ⁹)
361 4288 458 4362 Neque
477 4290 551 4346 enim
570 4290 733 4347 crediderim
751 4295 828 4346 recte
841 4291 992 4346 Britannos
1007 4292 1127 4347 uerdsse
1144 4289 1314 4347 ‘comforted
1332 4292 1392 4348 him
1409 4293 1501 4350 about

215 4368 267 4424 the
285 4369 392 4425 serious
411 4370 606 4426 characteres
623 4370 673 4426 the
693 4369 774 4427 case’.
