3098 4956
746 279 964 344 ..16-

211 447 373 538 aperilem
396 455 681 539 nuncupabantur
705 457 754 537 (ci.
776 455 895 522 Pollux
910 457 954 522 ΠΙ
966 458 1009 524 38
1033 457 1312 544 p.167‚1Bethe
1335 461 1355 542 ἡ
1378 460 1414 524 δὲ
1432 459 1499 544 πρὸ

212 556 318 637 γάμου
342 554 439 618 θυσία
461 555 623 636 προτέλεια
654 556 708 620 καί
740 558 918 639 πραγάμια)
950 555 1134 622 Menander
1164 558 1327 639 προτέλεια
1359 559 1500 623 uocauit

210 651 248 716 fr.
265 651 353 717 1058
364 651 403 716 Κ.
428 647 517 716 GAF.
541 650 585 715 III
607 673 637 737 p.
654 651 728 718 260.
776 652 895 718 Flebat
920 656 1033 719 autem
1057 652 1280 740 plerumque¹)
1304 674 1357 719 res
1381 653 1499 720 diuina

209 749 312 836 pridie
335 749 427 835 ipsas
450 749 587 835 nuptias
612 748 651 815 cf.
675 749 823 836 Hesych.
847 773 872 816 s.
896 773 927 818 u.
952 754 1066 834 γάμων
1090 753 1164 835 ἔτλης
1195 752 1232 816 τὰ
1256 755 1420 837 προτέλεια
1443 754 1511 819 καί

210 848 351 932 ἀπαρχαί
374 849 428 912 καὶ
449 853 566 931 τριχῶν
591 850 772 932 ἀφαιρέσεις
794 856 844 933 τῆι
866 851 947 914 deciri
963 850 1027 933 πρὸ
1042 857 1118 933 μιᾶς
1132 856 1197 914 τῶν
1213 852 1328 933 γάμων
1341 858 1397 934 τῆς
1413 876 1496 934 παρ-

208 948 317 1011 θένου.
363 945 481 1030 Itaque
504 965 580 1010 cum
603 945 756 1031 proxima
778 949 879 1012 nocte
905 945 1103 1013 adulescens
1126 948 1310 1029 reuerterit,
1336 946 1399 1014 hoc
1422 948 1496 1034 ipsc

209 1042 261 1108 die
293 1064 358 1129 quo
389 1041 526 1108 fabulae
558 1045 793 1127 argumentum
826 1045 880 1127 agi
910 1043 1061 1126 fingatur
1091 1045 1227 1131 nuptias
1258 1046 1391 1110 futuras
1421 1066 1496 1112 esse

209 1140 358 1226 adparet,
390 1138 424 1206 id
455 1139 544 1226 quod
575 1162 617 1207 ex
640 1141 813 1207 Menandri
838 1142 1030 1208 comoediae
1054 1141 1164 1208 indole
1187 1162 1246 1229 per
1273 1164 1310 1207 se
1342 1147 1394 1209 est
1424 1144 1497 1210 ueri

208 1238 414 1304 simillimum
438 1237 478 1305 ci.
502 1240 572 1305 Ter.
597 1240 697 1306 Andr.
722 1239 784 1305 321
800 1261 869 1326 sqq.
916 1241 1077 1306 Necnon
1099 1240 1260 1306 memoria
1283 1242 1336 1306 est
1358 1239 1496 1324 dignum

208 1337 370 1404 sacrificia
399 1337 457 1404 illa
479 1337 513 1402 in
537 1338 651 1424 primis
675 1359 696 1403 a
719 1340 833 1404 mariti
855 1338 960 1405 futuri
984 1342 1080 1426 patre
1103 1339 1295 1425 perpetrari,
1329 1340 1424 1404 cuius
1448 1339 1496 1404 rei

207 1436 306 1502 testis
341 1439 394 1501 est
424 1434 570 1501 Achilles
601 1436 720 1502 Tatius
750 1435 842 1501 1112
879 1435 967 1502 Erot.
1000 1436 1109 1523 script.
1140 1433 1254 1503 Graec.
1285 1436 1299 1501 Ι
1329 1457 1359 1522 p.
1383 1436 1436 1520 66,
1451 1437 1492 1502 31

206 1533 365 1600 Hercher:
389 1535 508 1599 Ἔθυεν
531 1533 590 1598 οὗν
611 1535 679 1599 τότε
703 1537 721 1599 ὁ
744 1536 849 1618 πατὴρ
873 1536 911 1599 τὰ
934 1537 1097 1618 προτέλεια
1120 1541 1186 1598 τῶν
1209 1537 1337 1618 γάμων;
1361 1555 1427 1619 quo
1452 1555 1496 1601 ex

206 1631 400 1698 testimonio
416 1633 450 1696 in
466 1632 639 1697 Menandri
655 1653 756 1698 uersu
773 1633 794 1699 9
810 1632 948 1698 ineunte
966 1630 1030 1721 [τὸν
1044 1630 1179 1721 πατέ]ρα
1194 1634 1284 1698 recte
1300 1631 1494 1718 suppletum

207 1751 281 1796 esse
293 1728 430 1816 planum
442 1729 488 1795 fit.
513 1727 580 1795 Sed
590 1728 701 1796 locum
714 1728 814 1796 modo
828 1731 988 1817 scriptum
996 1729 1109 1817 paullo
1119 1730 1285 1816 copiosius
1293 1732 1494 1813 tractemus3

206 1829 314 1915 pergit
337 1828 426 1893 enim
441 1826 600 1894 Achilles:
624 1829 671 1900 ὡς
695 1829 730 1893 δέ
753 1831 890 1913 ἤκουσα,
914 1831 1101 1894 ἀπωλώλειν
1116 1830 1171 1893 καί
1187 1831 1318 1912 ἐζήτουν
1332 1832 1493 1913 μηχανήν,

207 1929 250 1991 δι’
275 1926 314 2010 ἧς
337 1929 376 1991 ἂν
400 1928 619 2010 ἀναβαλέσθαι
644 1929 802 2012 δυναίμην
824 1928 880 1993 τὸν
903 1930 1016 2012 γάμον.
1063 1925 1234 1992 simillimo
1258 1926 1360 2009 igitur
1381 1945 1493 1992 rerum

206 2023 392 2089 discrimine
415 2023 470 2089 hic
493 2024 551 2110 qui
572 2023 796 2090 introducitur
813 2027 946 2091 amator
960 2023 1093 2090 laborat
1109 2045 1149 2090 ac
1164 2024 1339 2090 Menandri
1355 2023 1492 2091 adules-

206 2143 294 2207 cens,
310 2142 419 2209 neque
436 2121 574 2188 dubium
587 2124 640 2187 est
652 2123 732 2208 quin
745 2122 846 2189 huius
858 2122 994 2189 fabulae
1007 2142 1151 2189 scaenae
1164 2122 1282 2188 Tatius
1294 2120 1491 2188 meminerit

205 2218 357 2306 Namque
381 2222 525 2303 omnino,
550 2241 626 2286 cum
649 2221 822 2307 quaeritur
839 2241 926 2306 quae
941 2222 1027 2287 ratio
1043 2219 1229 2286 intercedat
1244 2221 1332 2286 inter
1347 2220 1491 2287 comicos

204 2320 323 2405 poetas
355 2321 389 2384 et
420 2319 596 2404 scriptores
628 2318 792 2401 elegiacos
818 2318 959 2385 eroticos
984 2316 1270 2405 epistolographos
1294 2317 1490 2402 humanum,

204 2437 273 2482 non
295 2417 368 2482 tam
391 2417 496 2482 uerba
512 2417 644 2500 singula
660 2419 720 2482 aut
741 2437 860 2482 uersus
876 2419 957 2483 sunt
972 2415 1203 2503 perscrutandi
1221 2420 1254 2481 et
1276 2416 1491 2503 comparandi

204 2534 307 2600 quam
336 2515 429 2601 ipsae
452 2536 561 2581 rorum
585 2513 796 2582 condiciones
823 2521 858 2581 et
882 2515 1015 2582 colores.
1062 2513 1129 2579 Sed
1152 2513 1195 2579 ad
1218 2514 1292 2599 ipsa
1315 2513 1490 2581 Menandri

203 2613 309 2678 uerba
331 2633 386 2679 uu.
403 2613 506 2699 8sqq.
529 2612 716 2696 redeamus,
741 2613 903 2699 equibus
927 2613 1049 2696 uerbis,
1074 2631 1240 2697 quaenam
1263 2611 1402 2696 nuptiae
1427 2610 1490 2677 ad-

204 2713 365 2778 ornentur
395 2731 581 2794 cognosces.
627 2711 664 2777 ld
696 2713 785 2776 enim
814 2715 911 2797 pater
941 2711 1022 2794 agit,
1053 2713 1093 2775 ut
1122 2708 1214 2774 filius
1246 2729 1391 2774 sororem
1421 2709 1489 2776 alia

204 2812 310 2875 matre
334 2811 452 2875 natam
468 2809 503 2874 in
518 2808 768 2874 matrimonium
785 2807 896 2875 ducat.
931 2810 979 2873 Ac
996 2807 1084 2894 quod
1100 2805 1220 2873 Kaibel
1236 2805 1255 2872 l.
1273 2829 1297 2871 s.
1313 2828 1344 2893 p.
1364 2805 1427 2872 152
1440 2828 1488 2893 sq.

203 2907 288 2972 haec
311 2904 402 2973 dicit:
426 2904 554 2989 ‘Gegen
578 2907 651 2973 eine
667 2906 780 2973 selcha
795 2905 866 2973 Ehe
884 2906 981 2972 hatte
998 2906 1059 2971 das
1075 2905 1220 2972 attische
1237 2903 1359 2970 Gesetz
1375 2904 1487 2971 nichts

204 3003 451 3087 einzuwenden,
476 3003 529 3070 die
553 3004 697 3070 attische
714 3003 800 3071 Sitte
824 3004 906 3070 aber
928 3024 986 3070 um
1009 3025 1046 3070 so
1070 3003 1177 3069 mehr:
1200 3004 1235 3068 in
1252 3002 1309 3068 der
1324 3001 1487 3069 Komddie

203 3103 264 3188 gilt
287 3104 374 3170 auch
397 3103 450 3171 die
474 3104 646 3188 einseitige
666 3103 966 3171 Verwandtschait
989 3123 1057 3169 von
1080 3100 1411 3183 Halbgeschwistern
1436 3101 1487 3166 als

202 3201 456 3271 Ehehindernis’
488 3203 571 3269 talia
601 3202 816 3269 matrimonia
846 3201 929 3268 inire
952 3200 1177 3266 Athenienses
1201 3198 1294 3265 nulla
1316 3198 1388 3280 lege
1413 3218 1488 3264 esse

202 3302 327 3367 uetitos
356 3322 417 3366 suo
440 3302 511 3366 iure
542 3300 715 3367 contendit
739 3300 779 3367 cf.
804 3301 899 3367 Corn.
922 3298 1004 3385 Nep.
1029 3297 1107 3364 dim.
1123 3297 1170 3363 12
1194 3296 1357 3382 ‘Namque
1381 3295 1487 3361 Athe·
1519 3294 1521 3299 ’

201 3399 376 3466 niensibus
387 3398 465 3466 licet
476 3400 593 3466 eodem
604 3403 700 3486 patre
712 3402 813 3464 natas
824 3417 946 3462 uxores
960 3394 1098 3461 ducere?
1115 3394 1209 3460 Philo
1222 3393 1290 3460 Iud.
1299 3393 1360 3477 leg.
1370 3393 1487 3479 spect

202 3501 221 3563 ὁ
235 3500 295 3580 μὲν
314 3498 372 3563 οὖν
387 3500 557 3582 Ἀθηναῖος
571 3499 689 3562 Σόλων
705 3497 922 3579 ὁμοπατρίους
937 3495 1033 3579 ἐφιεὶς
1048 3495 1183 3578 ἄγεσθαι
1197 3494 1253 3565 τὰς
1269 3494 1488 3577 ὁμομητρίους

202 3598 368 3662 ἐκώλυσεν.
415 3594 501 3662 Plut.
525 3595 638 3659 Them.
663 3594 705 3660 32
734 3593 920 3678 Θυγατέρας
944 3593 979 3659 δὲ
1008 3593 1133 3663 πλείους
1158 3594 1256 3675 έσχεν,
1288 3589 1337 3655 ὧν
1358 3591 1485 3675 Μνησι-

201 3697 359 3779 πτολέμαν
388 3697 448 3778 μὲν
480 3697 593 3778 ἕκτης
616 3694 865 3776 ἐπιγαμηθείσης
890 3694 1063 3775 γενομένην
1082 3690 1281 3774 Ἀρχέπτολις
1304 3691 1323 3754 ὁ
1346 3690 1486 3773 ἀδελφὸς

202 3796 262 3858 οὐκ
294 3796 341 3858 ὢν
372 3795 567 3876 ὁμομήτριος
595 3795 719 3876 ἔγημεν.
765 3788 886 3856 Minuc.
909 3788 1000 3872 nole)
1025 3788 1094 3854 Oct
1119 3787 1207 3870 31,3
1231 3789 1295 3851 ‘ius
1319 3789 1372 3852 est
1395 3787 1486 3873 apud

201 3890 322 3957 Persas
356 3891 486 3956 misceri
520 3911 596 3956 cum
627 3888 806 3971 matribus,
841 3886 1015 3974 Aegyptiis
1048 3889 1083 3952 et
1113 3883 1377 3951 Atheniensibus
1409 3905 1485 3951 cum

202 3988 369 4055 sororibus
399 3988 547 4071 legitima
579 3987 741 4054 conubia?
789 3986 853 4053 Sed
886 3985 975 4073 quod
1005 3983 1093 4050 idem
1117 3982 1278 4066 Georgius
1302 3981 1422 4048 Kaibel
1449 3984 1485 4047 in

202 4086 372 4154 comoedia
394 4086 494 4152 huius
518 4087 647 4168 generis
663 4085 877 4151 matrimonia
892 4083 967 4149 fieri
982 4103 1081 4169 posse
1097 4083 1209 4164 nogat,
1234 4079 1364 4145 nullum
1380 4081 1485 4145 habet

202 4188 436 4271 argumentum
470 4185 535 4250 nisi
569 4184 657 4272 quod
692 4185 728 4249 in
758 4184 986 4248 Romanorum
1022 4178 1192 4245 comoedia
1226 4199 1312 4264 quae
1343 4176 1485 4265 palliata

309 4358 326 4424 ¹)
346 4357 427 4424 Quod
446 4356 522 4427 apud
534 4354 694 4424 Euripidem
708 4352 767 4422 Iph.
781 4350 845 4405 Aul.
859 4350 912 4404 718
921 4367 982 4421 sqq.
1003 4349 1084 4403 ahter
1102 4364 1146 4402 res
1166 4364 1196 4401 se
1216 4347 1312 4414 habet,
1332 4349 1486 4418 propterea

201 4455 257 4492 non
276 4438 396 4492 multum
416 4437 500 4498 ualet,
521 4435 588 4505 quia
607 4435 662 4487 hoc
681 4434 744 4487 loco
764 4448 821 4485 non
842 4430 876 4483 de
896 4446 965 4483 suae
983 4429 1072 4498 ipsius
1093 4429 1199 4482 aetatis
1217 4428 1343 4482 moribus
1362 4443 1397 4480 ac
1417 4443 1484 4481 con·

188 4517 344 4570 suetudine
359 4519 450 4587 poeta
468 4514 602 4586 loquitur.

290 4596 310 4664 2)
330 4597 388 4662 Qui
399 4613 465 4650 cum
477 4595 551 4650 nihil
561 4597 676 4667 spectet
686 4594 740 4649 nisi
750 4596 783 4648 ut
792 4591 914 4666 paganis
922 4588 1085 4652 maledicat,
1094 4605 1156 4641 rem
1161 4604 1222 4641 non
1228 4590 1359 4640 accurate
1365 4589 1483 4643 tractat.
