3098 4956
738 233 961 300 -90-

423 415 496 496 ὄψει
518 413 660 495 παρόντα
683 416 744 477 κᾶν
769 413 929 484 ἐνιαυτοὺς
952 413 1066 496 σφόδρ’
1083 414 1216 496 ὀλίγους.

209 511 320 596 Atque
343 511 436 595 ipsae
461 510 649 576 sententiae
674 511 721 575 sic
751 511 838 575 inter
861 531 897 575 se
921 510 1103 596 excipiunt:
1141 509 1236 577 Miles
1266 509 1387 577 laudat
1411 533 1496 577 con-

210 606 373 674 dicionem
404 609 439 672 et
469 628 544 672 cum
584 607 705 673 ancilla
742 628 944 693 responsura
978 609 1024 673 sit
1057 608 1135 673 ‘iam
1179 608 1264 674 satis
1306 611 1361 675 est
1404 609 1495 695 quod

209 705 399 793 promisisti’
431 706 609 771 interfatur
646 710 680 772 et
711 726 841 771 summo
876 704 997 790 gaudio
1033 705 1208 772 exsultans
1240 709 1344 790 auget
1373 705 1498 774 laudes

209 825 264 869 uu.
280 805 384 890 7sqq.
409 855 414 869 .
432 855 438 869 .
455 855 462 868 .
480 854 510 868 ..
534 824 618 889 quos
641 803 794 870 Britanni
817 804 864 870 sic
888 803 1076 869 ediderunt:

423 904 540 984 ὑπέρευ
560 904 667 985 λέγεις,
688 903 805 986 βάδιζ’,
822 904 887 985 ἐγὼ
906 899 972 991 <ὅ’>
990 901 1190 991 ἐλ[ευι9έραν]

394 1064 401 1079 .
424 1012 535 1093 αὔριον
559 1012 686 1093 ἀφήσω,
710 1010 802 1093 Δωρί
821 992 1055 1098 <σ’>1).ἀλλ’δ
1080 1008 1143 1097 ὂε[ῖ
1160 1008 1272 1096 λέγειν]

424 1119 572 1181 ἄκουσον.
639 1127 643 1142 ”
1088 1100 1094 1110 ’

209 1214 246 1279 ln
259 1214 311 1279 his
323 1213 477 1279 uersibus
490 1216 680 1298 ἐλευθέραν]
696 1215 699 1301 l
713 1253 757 1260 -—
766 1217 884 1298 ἀφήσω
897 1215 969 1279 sine
983 1213 1083 1280 dubio
1092 1235 1210 1280 uerum
1218 1217 1280 1300 est,
1293 1215 1494 1301 praesertim

95 1354 100 1360 -
210 1333 286 1378 cum
309 1312 527 1377 manumissio
551 1334 638 1398 quae
660 1311 780 1377 dicitur
796 1334 864 1379 non
880 1333 954 1378 raro
971 1316 1106 1378 occurat
1121 1313 1156 1376 in
1171 1333 1282 1378 nouae
1299 1312 1494 1380 comoediae

209 1410 334 1476 fabulis
351 1422 355 1432 '
374 1409 413 1475 cf.
435 1409 544 1477 Plaut.
568 1409 660 1497 Epid.
683 1412 747 1475 726
768 1432 815 1496 sq.
854 1410 927 1475 Aul.
948 1410 1014 1476 824
1030 1431 1100 1496 sqq.
1139 1409 1235 1477 Merc.
1259 1410 1322 1476 152
1339 1432 1387 1497 sq.
1426 1410 1496 1477 Mil.

211 1509 297 1576 Glor.
317 1507 423 1590 1194).
477 1507 543 1573 Sed
575 1510 687 1573 minus
719 1509 829 1594 placet
859 1508 1000 1574 uerbum
1029 1510 1129 1591 λέγειν
1159 1529 1202 1573 ne
1233 1509 1496 1594 uniusquidem

127 1628 128 1631 ¹
209 1627 328 1672 uersus
344 1607 453 1693 spatio
469 1606 660 1672 intermisso
678 1606 845 1672 iteratum.
877 1606 995 1692 ltaque
1010 1607 1153 1672 fortasse
1170 1607 1292 1673 rectius
1309 1607 1496 1674 scribemus

209 1712 307 1786 ποεῖν,
333 1703 421 1790 quod
444 1704 530 1769 bene
554 1702 598 1768 ad
623 1704 782 1769 orationis
817 1707 1012 1770 contextum
1048 1703 1197 1790 quadret
1244 1703 1379 1771 Polemo
1404 1706 1496 1771 enim

211 1801 366 1868 ancillam
383 1802 476 1867 cuius
493 1801 573 1867 fidei
590 1822 775 1888 operaeque
792 1804 934 1885 gratiam
949 1801 1075 1868 referat
1090 1825 1164 1869 sese
1185 1824 1289 1869 manu
1312 1803 1498 1869 missurum

209 1900 393 1987 pollicetur,
425 1902 498 1965 tum
529 1899 621 1965 abire
644 1900 748 1965 iubet.
795 1899 860 1966 Sed
892 1900 971 1965 dum
994 1898 1052 1965 illa
1075 1901 1210 1967 domum
1232 1901 1347 1984 intrat,
1379 1903 1498 1967 nescio

211 1998 290 2084 quid
315 2000 345 2063 ei
368 1997 527 2064 mandare
544 1998 668 2063 oblitus
676 2000 697 2080 ⁹)
721 1996 847 2064 frustra
862 2019 1018 2064 reuocare
1043 2001 1195 2066 conatur:
1219 2001 1402 2083 εἰσελήλυθ’.
1419 2021 1452 2064 u.
1466 2000 1498 2067 9.

213 2096 297 2161 Tum
341 2095 432 2161 solus
466 2096 500 2161 in
536 2116 660 2162 scaena
692 2099 845 2162 remanet
887 2117 935 2178 ac,
973 2117 1040 2183 qua
1080 2098 1116 2161 in
1157 2117 1267 2162 rerum
1302 2096 1500 2164 condicione

210 2198 365 2259 uersatur
388 2196 422 2258 et
453 2194 568 2258 curin
600 2195 689 2259 hunc
720 2196 849 2260 statum
873 2194 917 2259 sit
947 2194 1103 2260 redactus
1127 2216 1202 2260 cum
1226 2194 1396 2278 deliberet,
1427 2196 1498 2261 ira--

211 2292 351 2358 cundiae
376 2312 415 2356 ac
438 2291 619 2357 uiolentiae
635 2293 786 2357 meminit
810 2290 848 2357 cf.
865 2314 896 2356 u.
913 2291 1016 2377 9sqq.
1061 2292 1224 2358 Bacchica
1249 2294 1336 2359 enim
1359 2294 1501 2360 insania

212 2394 314 2476 atque
345 2392 526 2474 ζηλοτυπίαι
557 2410 660 2476 quam
689 2389 805 2455 Graeci
839 2389 954 2455 dicunt
985 2390 1082 2475 quasi
1113 2391 1316 2456 obcaecatus
1351 2392 1498 2458 amicam

211 2487 362 2571 uiolauit,
386 2487 420 2553 id
444 2487 713 2573 quodefabulae
738 2490 935 2571 argumento
953 2486 1051 2573 quale
1074 2487 1231 2553 nouimus
1255 2491 1409 2574 apertum
1434 2493 1497 2557 est.

213 2589 259 2653 Ac
283 2607 421 2652 causam
455 2586 555 2651 huius
591 2586 868 2652 aemulationise
901 2606 1002 2651 uersu
1035 2586 1073 2650 ll
1111 2588 1252 2670 ἀδελφὸν
1276 2589 1348 2670 οὐχὶ
1377 2591 1497 2672 μοιχόν

212 2706 404 2768 cognosces:
444 2683 525 2750 Cum
549 2706 571 2749 a
594 2685 748 2750 conuiuio
773 2683 947 2769 quodam³)
972 2682 1122 2767 redisset,
1147 2685 1278 2750 inuenit
1300 2685 1394 2750 illam
1418 2707 1496 2752 cum

212 2782 426 2849 adulescente
451 2782 596 2868 quodam
618 2781 828 2847 familiariter
851 2781 1116 2867 conloquentem.
1163 2783 1269 2864 Quem
1284 2785 1342 2868 qui
1357 2804 1392 2849 re
1413 2806 1497 2851 uera

212 2883 303 2947 esset
324 2880 428 2946 frater
459 2880 648 2945 adulterum
680 2901 753 2946 esse
781 2883 876 2946 ratus
904 2883 1001 2945 tanto
1033 2885 1086 2945 est
1115 2880 1348 2946 inflammatus
1371 2880 1496 2966 furore,

211 2984 250 3045 ut
274 2978 410 3064 capillos
434 2978 561 3044 amicae
593 2977 760 3044 recideret.
806 2979 866 3043 His
897 2976 1128 3044 fundamentis
1156 2980 1253 3045 iactis
1278 2982 1390 3045 cetera
1414 2983 1498 3046 sunt

212 3076 406 3164 supplenda.
452 3078 500 3142 Ac
523 3078 665 3163 primum
689 3075 821 3163 quidem
846 3078 1025 3162 quaeritur,
1058 3078 1132 3162 quis
1155 3079 1263 3143 ‘tanto
1295 3096 1393 3163 opere
1418 3100 1496 3143 eum

212 3175 345 3262 ceperit’
384 3177 431 3247 ὡς
467 3176 548 3240 κατὰ
578 3178 695 3260 κράτος
717 3182 750 3259 μ’
774 3178 914 3260 εἴληφας.
977 3176 1020 3258 [Γ
1014 3177 1170 3259 λυκέριον]
1215 3174 1303 3260 quod
1350 3175 1496 3242 editores

212 3274 430 3360 scripserunt,
465 3277 554 3340 recte
585 3273 810 3340 Wilamowitz
841 3295 871 3359 p.
896 3273 939 3338 32
970 3271 1090 3338 adn3
1126 3272 1278 3360 reppulit.
1324 3273 1496 3360 Adpellari

213 3372 302 3437 enim
336 3371 436 3437 deum
471 3371 616 3457 aliquem
651 3373 723 3437 siue
753 3373 910 3437 Amorem
945 3371 1017 3437 siue
1048 3370 1232 3437 Fortunam
1268 3372 1352 3437 alios
1388 3372 1494 3439 docet.

213 3469 338 3550 Quodsi
353 3471 525 3556 proposuit
541 3472 694 3554 [pdovip’
712 3471 838 3553 Ἔρωςλ,
856 3472 958 3534 Amor
970 3474 1134 3555 quantum
1150 3469 1248 3535 uideo
1264 3471 1327 3535 hoc
1343 3470 1493 3556 epitheto

211 3589 280 3633 non
304 3570 454 3650 ornatur,
478 3570 680 3654 quapropter
694 3565 949 3652 praeferendum
974 3588 1049 3633 esse
1073 3566 1207 3633 uidetur
1231 3567 1349 3651 [σχέτλι’
1375 3569 1493 3653 Ἔρως]

212 3666 266 3732 uel
292 3667 373 3750 [δεῖν’
394 3666 527 3748 ’Ἐρωςλ
579 3663 618 3731 cf.
643 3663 865 3745 Bruchmann,
902 3664 1072 3750 ‘Epitheta
1107 3663 1243 3730 deorum
1282 3687 1368 3751 quae
1405 3666 1494 3751 apud

213 3769 331 3850 poetas
356 3763 500 3829 Graecos
524 3762 690 3845 leguntur’
715 3783 744 3847 p.
764 3762 845 3828 1132
871 3763 962 3828 1162.

322 3907 340 3976 ¹)
360 3906 507 3959 Traditum
526 3905 636 3958 hiatum
649 3905 789 3960 Dniatzko
808 3905 848 3961 sic
867 3906 1006 3960 defendit:
1025 3904 1091 3959 ‘Der
1103 3906 1170 3960 Hiat
1188 3906 1227 3960 ist
1244 3904 1389 3959 vielleicht
1408 3906 1496 3961 durch

214 3987 259 4041 die
277 3987 388 4050 Caesur‚
418 3985 461 4039 die
481 3986 576 4040 sterke
594 3985 817 4056 Interpunktion‚
847 3987 940 4041 zumal
960 3987 1032 4040 nach
1058 3986 1148 4040 einem
1167 3985 1301 4050 Volcatio,
1329 3985 1387 4039 und
1408 3985 1495 4041 durch

214 4067 259 4120 die
283 4066 372 4120 Natur
401 4067 450 4120 des
474 4065 698 4121 unelidierbaren
715 4067 890 4136 rgenirgend
918 4064 1129 4135 entschuldigt.'
1167 4066 1248 4134 Quod
1276 4069 1411 4137 proptera
1438 4083 1496 4121 non

213 4147 384 4210 crediderim,
405 4147 472 4216 quia
490 4162 526 4199 ne
544 4162 630 4200 unum
648 4146 760 4216 quidem
779 4147 879 4201 adferri
897 4150 994 4217 potest
1013 4146 1170 4217 exemplum
1190 4148 1219 4200 et
1238 4145 1333 4201 hiatus
1352 4147 1497 4202 lenissima
1521 4201 1524 4205 .

213 4231 372 4280 correctura
391 4227 507 4282 tollitur.

320 4307 338 4376 q
359 4306 397 4361 cf.
417 4323 490 4377 quae
516 4307 550 4361 de
576 4307 690 4378 egregia
717 4310 819 4377 poetae
844 4307 873 4360 in
893 4307 953 4360 eius
970 4307 1065 4361 indole
1090 4306 1213 4361 breuiter
1232 4307 1416 4362 describenda
1433 4309 1495 4362 arte

213 4391 342 4538 exposuit)
359 4387 753 4540 dlssdmdlvlldobvsndpobbon
790 4467 930 4534 Ribbeck,
950 4468 1059 4522 Alazon
1078 4485 1104 4538 p.
1117 4467 1153 4521 39
1177 4484 1193 4522 e
1218 4467 1293 4522 bello
1318 4484 1383 4522 curn
1400 4467 1495 4523 subito

212 4548 317 4603 redisse
337 4549 403 4603 olim
422 4551 583 4620 putauerat.
