3098 4956
729 255 974 322 -110-

210 434 354 501 multum
377 433 500 499 habere
534 433 731 520 suspicionis
762 454 831 498 non
864 434 989 516 ignoro,
1024 435 1140 498 tamen
1175 431 1336 498 audacius
1371 430 1492 498 fecisse

210 533 292 598 mihi
315 551 381 596 non
406 530 543 597 uidebor
574 552 648 597 curn
680 531 794 597 omnia
823 551 910 617 quae
935 531 975 596 de
999 528 1142 596 Embaro
1171 532 1377 613 enarrentur,
1410 529 1494 595 ficta

211 651 286 696 esse
303 632 463 712 statuero,
488 632 527 695 ut
550 629 762 717 prouerbium
776 628 859 694 illud
875 649 940 714 quo
961 629 1059 694 modo
1076 630 1186 694 ortum
1202 628 1246 693 sit
1262 627 1493 713 explicaretur.

317 727 389 792 lam
427 725 557 793 accedit
594 727 695 792 tertia
732 726 965 812 interpretatio
1005 725 1087 792 OGL
1110 726 1153 791 ΠΙ
1184 747 1214 812 p.
1232 725 1307 808 562,
1325 726 1367 790 12
1408 726 1494 793 (11111

209 825 375 891 ‘embaros
392 875 398 890 .
415 825 427 890 i
444 875 450 890 .
468 823 627 908 grauida'.
674 823 766 904 Quae
797 824 1029 911 interpretatio
1060 845 1118 911 per
1149 844 1185 889 se
1208 822 1357 912 forsitan}
1386 824 1495 910 possit

209 922 350 1008 probari.
395 921 483 989 Nam
505 924 534 988 si
557 943 639 988 uera
662 923 716 1007 sit,
741 943 859 988 uocem
882 926 1024 1007 ἔμβαρος
1048 922 1207 1005 originem
1231 920 1351 988 ducere
1372 943 1395 988 a
1410 942 1495 988 uoce

208 1023 312 1105 βαρύς
335 1022 443 1106 putes
476 1018 510 1084 id
534 1019 622 1106 quod
644 1020 740 1086 Kock
762 1019 782 1086 l.
799 1042 824 1086 s.
847 1019 948 1086 huius
978 1019 1110 1104 glossae
1139 1020 1277 1102 ignarus
1308 1020 1495 1087 arbitratus

213 1122 274 1185 est.
312 1118 428 1204 Neque
452 1117 632 1184 abhorreat
647 1118 731 1184 haec
746 1119 975 1203 interpretatio
993 1139 1014 1183 a
1029 1138 1139 1184 nouae
1156 1118 1347 1185 comoediae
1370 1118 1495 1202 indole,

208 1216 244 1281 in
260 1236 328 1301 qua
350 1216 476 1303 passim
498 1215 717 1282 inueniantur
732 1217 878 1299 uirgines
902 1236 1109 1302 compressae
1131 1220 1233 1302 atque
1257 1220 1495 1302 praegnantes.

210 1313 322 1399 Atque
353 1315 417 1380 hoc
448 1313 505 1399 qui
520 1384 521 1387 ,
537 1313 803 1400 comprobauerit
832 1312 942 1380 facere
973 1334 1041 1380 non
1072 1316 1196 1400 poterit
1229 1315 1310 1400 quin
1341 1335 1495 1400 eaquae

210 1410 306 1477 Kook
329 1411 349 1476 l.
366 1433 436 1498 sp.
454 1411 519 1478 589
545 1412 700 1498 exposuit
722 1411 839 1478 laudet
862 1432 902 1478 ac
924 1411 1098 1478 Menandri
1121 1433 1240 1479 uersus
1264 1412 1311 1478 sic
1333 1412 1497 1480 restituat

562 1502 564 1505 ¹
933 1513 993 1575 οὐκ
1017 1513 1161 1595 ἔμβαρον
1173 1512 1210 1593 ’11

424 1605 489 1698 <τ>ί
510 1611 667 1693 ἕμβαρος
690 1605 905 1698 ἀρχαϊσμὸ<ς>
928 1607 1022 1680 οὗτος
1045 1610 1209 1693 ῥημάτων.

209 1705 298 1771 Nam
321 1707 350 1770 εἴ
370 1709 512 1791 ἔμβαρος
546 1710 722 1793 propterea
752 1706 811 1771 uix
840 1709 955 1792 potest
985 1708 1084 1788 stare,
1119 1705 1208 1791 quod
1238 1705 1274 1771 in
1304 1708 1379 1772 tota
1401 1728 1496 1773 noua

213 1803 384 1869 comoedia
406 1824 580 1889 nunquam
611 1803 774 1886 grauidae
801 1802 1014 1890 adpellantur
1035 1824 1099 1869 nec
1128 1803 1164 1869 in
1188 1824 1345 1870 scaenam
1367 1803 1495 1891 produ-

211 1906 333 1967 cuntur
367 1902 426 1967 sed
460 1922 575 1967 earum
609 1902 702 1967 intus
737 1901 954 1968 clamantium
989 1922 1090 1967 uoces
1125 1901 1320 1967 audiuntur:
1355 1900 1395 1968 cf.
1421 1901 1494 1968 Ter.

211 1998 311 2064 Andr.
328 2000 393 2066 473
416 2000 478 2065 Ad.
494 1999 569 2065 486.
601 1999 709 2065 Plaut.
726 1999 799 2065 Aul.
816 2000 880 2066 691
895 2021 942 2085 sq.
976 1999 1080 2086 Atqui
1097 2000 1231 2065 omnino
1247 1998 1283 2065 in
1294 1998 1495 2082 fragmentis

212 2098 284 2162 tam
319 2099 447 2181 exiguis
483 2099 641 2180 corrigere
677 2103 730 2164 est
765 2118 971 2184 corrumpere
1007 2100 1109 2183 atque
1144 2118 1186 2163 ex
1223 2098 1295 2184 ipso
1333 2096 1494 2166 lemmate

209 2197 353 2280 ἔμβαρός
384 2198 446 2280 εἰμι
477 2194 517 2260 de
547 2198 577 2260 τί
605 2199 748 2281 ἔμβαρος
771 2195 908 2278 cogitari
942 2216 1010 2261 non
1041 2215 1139 2281 posse
1171 2216 1360 2279 cognosces.
1406 2195 1494 2281 Ergo

214 2291 302 2358 hanc
324 2293 634 2380 interpretationem
657 2314 743 2380 quae
760 2316 778 2358 e
794 2292 997 2358 medicorum
1021 2312 1173 2359 sermone
1197 2291 1299 2359 ducta
1321 2295 1356 2359 in
1372 2294 1494 2377 glossis

210 2394 304 2456 extet
336 2390 553 2457 eMenandri
587 2391 658 2458 loco
694 2413 769 2457 esse
804 2391 950 2457 alienam
973 2391 1123 2477 adparet,
1155 2391 1351 2476 praesertim
1386 2392 1416 2458 si
1450 2391 1496 2460 ad

210 2487 334 2555 Suidae
358 2492 393 2555 et
415 2489 513 2555 lexici
536 2489 682 2556 auctoris
705 2490 810 2555 uerba
831 2493 966 2555 τάττεται
989 2511 1016 2555 e.
1032 2510 1061 2575 q.
1079 2511 1103 2555 s.
1126 2490 1328 2576 respexeris..

317 2587 410 2668 Quae
435 2609 511 2653 cum
533 2589 583 2654 ita
606 2589 683 2670 sint,
707 2609 817 2674 neque
842 2586 921 2674 quid
945 2587 1112 2671 significet
1127 2608 1195 2653 uox
1218 2592 1360 2674 ἔμβαρος
1382 2609 1494 2675 neque

208 2707 400 2771 equanam
426 2686 527 2771 stirpe
552 2684 734 2752 descendat
756 2707 865 2772 neque
889 2685 1035 2751 litteram
1059 2711 1079 2751 α
1103 2688 1214 2751 utram
1238 2688 1425 2772 correptam
1448 2707 1493 2752 an

211 2782 406 2868 productam
429 2782 557 2849 habeat
585 2784 718 2848 omnino
751 2784 882 2849 scimus.
928 2782 1047 2870 Itaque
1076 2804 1143 2869 qua
1165 2784 1295 2850 ratione
1318 2783 1495 2850 Menandri

211 2880 317 2946 uerba
340 2879 404 2946 dist
391 2880 575 2963 tinguenda
599 2883 658 2947 aut
688 2882 850 2967 interpret
835 2880 941 2947 tanda
971 2881 1040 2948 sint
1063 2885 1125 2947 aut
1148 2902 1212 2968 quo
1236 2881 1308 2947 loco
1333 2902 1494 2948 uersuum

209 2978 324 3044 exitus
359 2979 429 3044 sint
462 2981 533 3044 stat
518 2978 645 3063 tuendi,
685 2981 885 3062 argumenta
919 2978 1029 3046 adhuc
1065 2999 1133 3045 non
1168 2981 1312 3064 possunt
1344 2979 1493 3066 proferri.

212 3074 284 3143 Hoc
306 3098 411 3142 unum
435 3080 474 3143 ut
497 3099 598 3164 supra
614 3031 758 3143 diximus
775 3079 909 3144 constat
894 3076 1025 3143 tillum
1049 3076 1173 3143 dixisse
1197 3075 1476 3168 ἀρχαϊσμό<ς>
1436 3105 1493 3144 ov·

208 3199 264 3247 τος
287 3178 440 3261 ῥημάτων
464 3197 565 3241 uersu
598 3179 753 3258 exeunte,
786 3175 893 3241 etita
924 3174 1057 3262 quidem
1090 3177 1128 3241 ut
1160 3174 1280 3262 aliquis
1311 3177 1493 3310 castigaret

208 3271 440 3340 aduersarium
463 3276 520 3360 qui
543 3295 626 3340 uoce
650 3277 792 3360 ἔμβαρος
814 3295 896 3339 usus
920 3276 1017 3340 esset.

759 3468 947 3642 11111011.

424 3685 532 3748 πότων
555 3708 586 3746 τε
609 3683 663 3747 καὶ
685 3685 810 3767 κώμων
832 3686 967 3755 ἅπαντες
989 3685 1124 3767 ἤιὸεμεν.

319 3779 413 3861 Quod
435 3779 663 3863 fragmentum
606 3783 741 3845 umex
761 3779 815 3846 Ori
830 3780 950 3847 Milesii
973 3780 1147 3867 scriptis’'
1138 3802 1173 3846 rn
1196 3782 1304 3847 lucem
1327 3785 1404 3868 prot
1404 3782 1492 3849 rexit

210 3878 449 3962 Reitzenstein,
466 3877 1175 3965 1111111051189011118111111(1611111111
1192 3877 1493 3961 dergriechischen

208 3978 253 4045 Et
238 3977 440 4064 tymologica
461 3999 492 4063 p.
508 3977 572 4043 293
597 3976 672 4042 adn.
689 3978 708 4040 1

416 4076 599 4141 Ἧιδεισθα·
623 4115 667 4122 -
690 4114 734 4122 ——
756 4076 949 4159 Μένανδρος
976 4077 1086 4140 Φανία)
1110 4096 1137 4141 θ.
1150 4097 1179 4162 q.
1192 4096 1217 4143 S.

316 4174 366 4240 Ac
396 4175 538 4260 primum
569 4173 702 4260 quidem
725 4174 853 4258 ἥιδεμεν
877 4194 952 4238 cum
975 4173 1131 4255 genetiuo
1154 4171 1312 4238 hocloco
1337 4174 1494 4258 coniungi

209 4271 369 4338 memoria
393 4275 445 4338 est
468 4270 605 4354 dignum
628 4271 668 4338 ci.
691 4270 787 4339 Hom.
814 4270 928 4336 0411
944 4292 991 4357 sq.

835 4372 871 4441 ὅς
894 4372 936 4454 ῥα
958 4395 990 4434 τε
1011 4370 1117 4453 πάσης

423 4469 459 4534 εὗ
482 4470 562 4554 εἰδῆι
585 4471 700 4553 σοφίης
809 4471 843 4534 et
874 4466 1146 4534 Kslhner-Gerth
1175 4465 1195 4534 l.
1219 4488 1245 4535 S.
1268 4466 1297 4531 Π
1323 4466 1339 4533 l
1373 4488 1405 4554 p.
1428 4466 1491 4534 361

318 4610 337 4682 ¹)
358 4611 405 4666 uel
422 4610 544 4682 ἐμβαροσ.
