3098 4956
663 260 886 326 ...97-

129 439 276 506 Athenis
292 459 417 504 scaena
434 440 515 517 erat,
539 439 655 503 tamen
670 437 875 524 temporibus
890 437 964 522 illis,
990 437 1111 525 quibus
1127 437 1279 504 homines
1297 439 1415 506 Graeci

130 558 234 602 unam
275 557 350 602 sese
389 556 463 601 esse
498 535 670 600 nationem
705 536 895 601 meminisse
932 537 1118 622 coepissent
1153 539 1187 601 et
1222 537 1415 603 uniuersam

131 635 309 702 Graeciam
332 634 465 717 ingenio
485 633 667 720 complecti,
693 633 815 719 quibus
830 632 1022 700 Alexandro
1038 633 1159 717 Magno
1184 633 1266 700 duce
1290 634 1414 700 bellum

131 735 251 799 contra
289 730 409 797 Persas
449 732 722 813 renonauissent,
762 731 897 797 minime
936 736 989 798 est
1026 730 1214 798 mirandum
1253 731 1341 818 quod
1379 733 1414 799 in

131 830 274 898 theatris
298 849 430 916 quoque
462 850 529 895 non
562 829 767 911 singularum
799 829 976 895 ciuitatum
1007 829 1155 916 proprias
1186 829 1330 897 uirtutes
1354 830 1414 896 sed

132 928 259 995 cultum
290 928 538 993 humanitatem
570 927 772 1011 elegantiam
804 948 871 1012 qua
902 947 1017 992 omnes
1040 928 1238 993 fruebantur
1260 927 1412 994 homines

110 1096 113 1104 ,
131 1025 251 1093 Graeci
275 1025 446 1091 canebant
467 1027 587 1111 poetae
612 1028 646 1091 et
668 1024 908 1112 praedicabant
936 1024 975 1090 ef.
991 1025 1076 1091 Men.
1092 1026 1129 1091 fr.
1146 1025 1209 1090 617
1227 1026 1266 1093 Κ.
1279 1025 1414 1091 ΟΑΕἾΠ

341 1223 490 1306 Ἕλληνές
513 1224 587 1286 εἰσιν
611 1224 735 1306 ἄνδρες,
759 1224 819 1286 οὐκ
844 1224 1039 1304 ἀγνώμονες,

348 1322 402 1384 καὶ
423 1321 502 1403 μετὰ
525 1321 678 1402 λογισμοῦ
702 1323 803 1384 πάντα
826 1322 1014 1402 πράττουσίν
1036 1345 1127 1391 τινος.

128 1416 295 1505 Posidipp.
319 1416 357 1483 fr.
374 1417 419 1481 28
441 1417 480 1482 Κ.
497 1416 579 1482 OAF
602 1416 646 1480 ΙΙΙ
668 1439 699 1502 p.
716 1417 780 1482 345

343 1517 453 1588 Ἑλλὰς
475 1519 535 1599 μέν
558 1518 620 1580 ἐστι
642 1519 708 1599 μία,
731 1518 838 1587 πόλεις
862 1516 896 1580 δὲ
917 1517 1065 1587 πλείονες.

221 1614 293 1679 Iam
321 1635 352 1679 u.
381 1614 423 1678 25
436 1635 483 1699 sq.
515 1613 637 1679 ancilla
672 1635 727 1679 ero
763 1613 944 1699 respondet
973 1612 1220 1701 πιθαμώτερος]
1256 1611 1413 1704 πολλῶ<ι>

130 1721 228 1798 φανεῖ
248 1719 335 1795 γοῦν,
367 1732 432 1797 quo
456 1710 527 1777 loeo
552 1710 592 1777 de
616 1732 698 1778 uoce
722 1714 942 1795 πιθανώτερος
965 1709 1174 1777 restituenda
1197 1714 1413 1778 consentiunt
1450 1775 1452 1780 .

130 1831 250 1878 omnes
280 1810 344 1874 uiri
376 1808 475 1891 docti,
506 1812 623 1875 tacent
646 1807 687 1874 de
711 1808 970 1896 interpretanda.
1018 1807 1115 1875 Solus
1139 1810 1302 1876 Henricus
1325 1810 1413 1876 Weil

131 1909 274 1975 adnotat
297 1907 398 1974 haec:
433 1906 598 1973 ‘Allusion
621 1929 803 1993 moqueuse
836 1929 904 1973 aux
928 1910 1079 1973 orateurs
1103 1907 1143 1973 de
1167 1908 1201 1973 la
1224 1908 1330 1995 Pnyx,
1355 1910 1412 1994 qui

130 2007 311 2074 mettaient
342 2026 408 2071 une
437 2026 603 2071 couronne
628 2026 670 2071 en
694 2006 829 2091 pariant
852 2026 894 2071 au
919 2004 1047 2091 peuple.
1093 2005 1141 2070 La
1172 2026 1338 2072 couronne
1370 2027 1412 2072 ne

130 2104 193 2171 fait
224 2125 286 2191 pas
316 2103 473 2169 l'orateur
503 2104 538 2167 ni
560 2102 678 2169 l'habit
700 2103 731 2169 le
754 2105 875 2169 moine’
909 2106 943 2168 et
963 2106 1051 2169 recte
1076 2101 1218 2189 quidem,
1254 2104 1312 2169 sed
1337 2125 1413 2170 cum

131 2223 240 2269 nouae
273 2222 375 2286 quam
407 2201 546 2267 dicimus
577 2201 767 2267 comoediae
799 2205 920 2287 poetae
944 2222 1001 2267 eos
1025 2201 1082 2286 qui
1104 2201 1152 2266 rei
1174 2200 1327 2286 publicae
1352 2201 1412 2268 ad-

132 2297 373 2366 ministrandae
405 2320 538 2386 operam
574 2299 752 2365 nauabant
785 2320 918 2386 perraro
950 2303 1226 2386 persequerentur
1260 2300 1412 2366 ludibriis

131 2397 294 2484 iocisque,
327 2397 430 2462 etiarn
463 2395 603 2463 alterum
636 2418 772 2463 sensum
804 2399 861 2483 qui
892 2396 935 2462 ad
965 2399 1074 2483 ipsam
1105 2397 1205 2463 huius
1235 2397 1299 2464 loci
1330 2419 1412 2464 con·

134 2496 294 2562 dicionem
310 2495 474 2561 referatur
496 2495 531 2559 in
554 2495 618 2560 hac
641 2517 723 2562 uoce
739 2496 849 2560 inesse
866 2493 1037 2581 probabile
1054 2497 1114 2560 est.
1153 2494 1258 2575 Quem
1275 2516 1413 2561 sensum

135 2614 193 2661 nec
215 2592 305 2659 Weil
329 2614 404 2659 cum
427 2593 665 2678 interpretatur
688 2597 806 2659 ‘certes
830 2595 869 2658 tu
885 2614 927 2658 en
951 2613 1027 2657 sera
1050 2592 1125 2680 plus
1148 2594 1326 2679 persuasif’
1350 2613 1413 2658 nec

134 2691 283 2758 Biitanni
317 2711 391 2756 cum
424 2693 563 2756 uertunt
593 2691 684 2757 ‘You
715 2690 784 2757 will
815 2711 939 2777 appear
969 2691 1069 2756 much
1099 2712 1190 2757 more
1217 2692 1411 2778 persuasive

136 2795 177 2855 so’
201 2793 286 2855 satis
304 2787 460 2854 uidentur
482 2791 699 2875 perspexisse.
738 2787 825 2854 Nam
849 2790 901 2854 cui
917 2788 1052 2856 Polemo
1075 2790 1177 2855 etiam
1199 2811 1298 2872 nune,
1316 2791 1411 2876 post-

136 2907 231 2974 quam
247 2885 388 2953 feliciter
403 2908 456 2952 res
472 2889 595 2972 euenit,
620 2885 831 2974 persuadeat,
848 2907 983 2973 prorsus
1000 2888 1178 2953 obscurum
1194 2891 1254 2956 est.
1293 2889 1411 2974 ltaque

136 3004 205 3052 curn
227 2985 313 3051 haee
335 2983 558 3072 persuadendi
580 2987 673 3052 notio
691 3007 792 3072 quam
815 2985 1009 3071 plerumque
1033 2985 1159 3052 habeat
1182 3008 1250 3053 uox
1265 2989 1411 3052 πιθανώ-

134 3107 219 3169 τερος
241 3104 310 3149 non
338 3082 488 3169 quadret,
512 3083 575 3148 hoc
598 3083 669 3148 loco
690 3086 910 3167 πιθανώτερος
925 3082 1013 3148 idem
1030 3105 1104 3149 esse
1121 3106 1160 3151 ac
1176 3083 1256 3151 ‘fide
1273 3084 1410 3167 dignior’

135 3199 268 3249 necesse
301 3183 361 3264 est,
395 3179 434 3245 ef.
456 3181 539 3245 Plat.
560 3180 637 3244 Min.
661 3202 690 3266 p.
707 3180 815 3246 318E
846 3184 946 3245 καίτοι
978 3207 1012 3264 γε
1040 3184 1256 3264 πιθανώτεροί
1284 3186 1359 3247 εἰσιν
1390 3186 1410 3265 ἢ

133 3284 309 3364 σύμπαντες
340 3283 371 3344 οῖ
399 3281 653 3362 τραγωιὸοποιοί.
707 3278 804 3344 Nunc
840 3279 926 3343 enim
966 3279 1061 3344 miles
1101 3300 1175 3345 cum
1214 3279 1337 3364 aliquid
1374 3301 1410 3344 se

131 3376 295 3445 iacturum
321 3397 395 3442 esse
420 3377 610 3462 dicitquod
634 3377 678 3442 sit
700 3375 926 3442 festinationis
951 3377 1181 3460 neglegentiae
1198 3378 1409 3458 temeritatis

129 3475 235 3542 multo
268 3474 406 3556 dignior.
425 3475 493 3539 fide
525 3479 578 3540 est
605 3496 706 3560 quam
730 3478 833 3540 antea
857 3495 932 3539 cum
955 3479 1096 3540 mortem
1120 3474 1183 3540 sibi
1208 3477 1410 3543 consciscere

128 3571 164 3638 in
189 3574 301 3639 animo
326 3594 362 3637 se
386 3572 509 3638 habere
534 3573 735 3639 adfirmauit.

218 3669 346 3736 Deinde
372 3693 402 3734 a.
426 3670 469 3736 26
494 3671 573 3756 quin
596 3668 753 3760 πολλῶ<ι>
776 3679 873 3754 φονεῖ
892 3679 970 3755 γοῦν
984 3671 1138 3738 librarius
1162 3673 1284 3739 rectius
1308 3693 1409 3757 quam

129 3771 293 3835 corrector
314 3770 434 3833 πολλῶι
458 3773 497 3833 ἂν
521 3772 584 3852 εἴης
607 3769 783 3855 scripserit,
809 3790 907 3836 nomo
932 3774 983 3834 est
1007 3771 1063 3855 qui
1088 3769 1225 3835 dubitet.
1272 3768 1337 3835 Sed
1354 3768 1409 3834 ille

130 3869 294 3932 corrector
324 3867 412 3931 unde
443 3867 507 3931 hoc
537 3867 670 3951 petierit
701 3868 879 3952 quaeritur.
934 3872 982 3932 Ac
1020 3868 1162 3954 primum
1197 3867 1339 3932 eundem
1375 3869 1410 3932 et

132 3967 335 4031 correcturas
360 3969 394 4030 et
417 3964 654 4030 adnotationes
677 3985 761 4049 quas
787 3962 925 4028 dicimus
950 3966 1121 4030 scaenicas
1146 3966 1315 4049 scripsisse
1332 3964 1409 4030 inde

132 4068 183 4128 est
206 4062 276 4127 ueri
300 4062 406 4127 simile
430 4062 518 4147 quod
542 4067 703 4148 utraeque
726 4062 847 4127 litteris
871 4083 956 4148 quae
980 4062 1190 4149 adpellantur
1215 4063 1408 4128 minusculis

133 4160 340 4226 exhibentur.
385 4162 489 4246 Atqui
518 4159 594 4225 illae
626 4160 861 4227 adnotationes
893 4182 924 4225 u.
949 4160 992 4225 14
1023 4165 1057 4225 et
1088 4160 1131 4225 28
1162 4181 1335 4246 perperam
1366 4160 1409 4226 ad

132 4277 265 4324 uersum
296 4259 353 4342 qui
387 4262 440 4324 est
471 4259 641 4342 proximus
674 4259 769 4323 eiad
798 4280 897 4344 quem
920 4260 1087 4345 pertinent
1122 4258 1296 4341 adpositae
1320 4261 1408 4324 sunt.

133 4354 221 4435 Quas
246 4354 483 4421 adnotationes
508 4359 671 4422 corrector
687 4356 715 4421 si
733 4355 773 4421 de
790 4377 850 4421 suo
875 4355 1058 4422 addidisset
1073 4377 1107 4422 re
1124 4357 1208 4422 bene
1225 4355 1409 4422 deliberata

134 4474 192 4520 suo
215 4453 287 4519 loco
310 4455 487 4536 posuisset.
532 4455 650 4539 ltaque
675 4475 750 4519 eum
782 4454 932 4520 ecodice
956 4455 1102 4541 quodam
1133 4476 1190 4520 eas
1215 4455 1349 4520 duxisse
1374 4456 1409 4519 et

132 4549 208 4617 huic
231 4551 411 4637 exemplari
434 4553 543 4617 minus
561 4551 736 4634 diligenter
751 4552 931 4618 inseruisse
955 4551 1126 4638 probabile
1151 4557 1210 4618 est.
1256 4553 1408 4618 Necnon

183 4663 350 4709 metsohmar.
1213 4660 1231 4713 ‘l
