3098 4956
633 256 962 330 ‚-9ss-

319 433 385 499 Sed
407 432 582 499 redeamus
614 432 657 498 ad
688 432 761 520 ipsa
792 437 915 521 poetae
942 435 1048 501 uerba
1072 456 1158 521 quae
1181 456 1237 501 uu.
1253 437 1296 502 22
1309 456 1380 523 sqq.
1404 440 1496 503 recte

211 533 258 597 sic
282 533 363 596 sunt
385 531 628 614 redintegrata:

308 630 398 712 (Aur)
425 637 546 704 κανοῦν
570 630 604 693 δὲ
626 637 707 707 ποῦ,·
730 631 785 694 καὶ
807 632 929 695 τᾶλλίἳ
954 634 1016 709 ὂεῖ,·
1040 632 1145 713 (Πολ)
1168 635 1299 716 κα[νοῦν
1320 634 1382 718 μὲν
1406 634 1475 718 οὗν]

424 730 554 811 ὕστερον
578 730 731 809 ἐνάρξει’.
756 729 834 792 ἀλλὰ
859 731 974 812 ταύτην
997 731 1188 815 σῳ[αττέτω].

421 827 542 908 μᾶλλον
566 826 600 889 δὲ
622 827 714 908 κάγὼ
737 823 929 915 <σ>τέφανον
952 828 1016 891 ἀπὸ
1039 829 1167 912 dequeo
1190 830 1303 912 ποθεν]

347 931 398 998 25.
423 933 551 1015 ἀφελὼν
576 933 743 998 ἐπιθέσθαι
766 931 948 1020 βούλομα[.

209 1038 302 1119 Quae
326 1039 430 1106 uerba
452 1041 541 1104 recte
564 1039 775 1124 interpretati
800 1023 1045 1105 sunt'Greniell
1066 1043 1101 1106 et
1115 1041 1225 1124 Hunt;
1248 1063 1311 1107 nec
1335 1041 1377 1108 de
1399 1044 1495 1108 uocis

208 1145 328 1202 κανοῦν
351 1158 416 1201 usu
451 1138 512 1201 aut
541 1137 671 1201 ratione
703 1137 868 1223 copiosius
899 1136 1059 1204 disserere
1091 1158 1174 1225 opus
1203 1141 1270 1223 est;
1305 1160 1393 1225 quae
1424 1161 1495 1207 uox

209 1256 285 1301 cum
321 1234 455 1301 omnino
491 1233 532 1299 de
568 1235 712 1300 canistro
747 1237 929 1320 usurpatur
963 1237 1035 1301 tum
1071 1257 1147 1302 cum
1181 1237 1284 1303 uerbo
1315 1240 1494 1322 ἑνάρχομαι

209 1334 387 1399 coniuncta
415 1331 455 1399 de
482 1353 518 1398 re
546 1331 661 1398 diuina
691 1331 845 1398 iacienda
874 1331 913 1399 cf.
934 1333 1101 1420 Aristoph.
1117 1333 1193 1400 Pac.
1211 1335 1276 1400 948
1304 1336 1342 1400 τὸ
1371 1343 1493 1401 κανοῦν

207 1433 335 1515 πάρεστ’
360 1430 436 1503 ὀλὰς
459 1434 541 1514 ἔχον.
579 1429 688 1517 Eurip.
704 1429 751 1496 El.
771 1430 856 1495 1142
879 1439 998 1497 κανοῦν
1016 1434 1045 1497 δ’
1062 1435 1216 1517 ἐνῆρκται.
1254 1430 1384 1499 Deinde
1401 1456 1432 1501 u.
1450 1435 1494 1499 24

207 1531 272 1594 ἀπὸ
296 1533 413 1614 βωμοῦ
445 1548 562 1594 uerum
586 1531 648 1611 est,
686 1528 726 1594 de
763 1532 911 1595 extremo
947 1528 1030 1616 pede
1061 1530 1240 1598 reficiendo
1273 1531 1493 1598 dubitaueris.

207 1629 319 1714 Atque
342 1625 431 1692 Weil
462 1625 595 1713 quidem
618 1629 699 1692 θεοῦ
731 1627 911 1714 suppleuit,
944 1626 1033 1714 quod
1056 1649 1124 1694 non
1153 1627 1196 1694 ad
1220 1628 1407 1715 quamlibet
1430 1629 1493 1696 ali-

208 1727 302 1791 cuius
327 1724 378 1791 dei
403 1746 496 1790 aram
519 1727 687 1812 spectaret
710 1725 770 1790 sed
795 1723 838 1790 ad
862 1728 987 1791 certam
1011 1725 1179 1811 quandam
1204 1727 1240 1792 in
1263 1748 1388 1794 scaena
1412 1750 1494 1794 con-

208 1823 313 1890 ditam
337 1826 438 1909 atque
462 1822 496 1887 id
519 1822 652 1909 quidem
667 1823 810 1889 Baccho.
858 1822 923 1889 Sed
938 1823 1064 1890 maiore
1089 1845 1164 1890 cum
1187 1825 1259 1891 ueri
1274 1824 1493 1892 similitudine

206 1921 295 1989 hanc
317 1943 411 1986 aram
434 1920 580 2008 Apollini
604 1922 661 2008 qui
684 1944 715 1988 u.
730 1921 773 1987 43
797 1922 975 1988 inuocatur
999 1921 1155 2006 adsignat
1182 1921 1326 2007 Olivieri,
1349 1924 1496 1990 Revista

208 2020 241 2086 di
262 2019 406 2104 filologia
429 2018 577 2103 XXVIII,
602 2018 691 2084 1900
713 2042 743 2106 p.
758 2018 834 2086 449.
880 2021 926 2086 At
950 2041 1025 2086 cum
1049 2022 1083 2085 et
1106 2023 1186 2086 ante
1208 2024 1326 2105 βωμοῦ
1351 2024 1387 2087 et
1410 2026 1494 2088 ante

206 2122 287 2184 θεοῦ
312 2118 398 2182 desit
414 2117 573 2183 articulus
590 2138 689 2203 quem
705 2120 840 2200 uocant,
856 2117 1036 2184 Britannos
1052 2118 1160 2184 secuti
1178 2122 1281 2184 ποθεν
1298 2119 1496 2205 scripsimus

206 2215 381 2300 ‘alicunde
406 2216 449 2281 ab
467 2215 580 2301 aliqua
596 2219 675 2295 ara’‚
701 2215 789 2302 quod
805 2216 891 2281 bene
908 2215 1049 2302 quadret
1066 2216 1109 2282 ad
1125 2216 1239 2282 militis
1255 2217 1495 2284 temeritatem.

207 2313 299 2395 Quae
323 2314 495 2379 temeritas
519 2333 594 2377 cum
618 2315 717 2378 tanta
742 2313 795 2392 sit,
828 2317 868 2379 ut
897 2315 932 2379 in
955 2315 1002 2379 rei
1026 2313 1159 2379 diuinae
1190 2315 1256 2380 ritu
1283 2313 1339 2380 ille
1362 2319 1493 2402 peccet,

206 2412 432 2479 Wilamowitz
454 2413 530 2477 eum
553 2411 734 2477 barbarum
758 2433 832 2478 esse
860 2412 1052 2479 arbitratur:
1077 2412 1153 2478 ‘Der
1169 2412 1349 2499 Tolpatsch
1374 2412 1494 2499 denk‘r,

206 2532 306 2578 wenn
330 2531 394 2575 nur
416 2509 646 2593 geschlachtet
677 2509 771 2593 wird‚
808 2511 935 2594 geniigt
969 2532 1014 2595 es,
1050 2509 1120 2576 und
1150 2511 1223 2594 gibt
1252 2532 1316 2576 nur
1346 2532 1383 2577 so
1409 2512 1495 2578 weit

206 2609 303 2691 nach,
328 2607 391 2673 dass
416 2629 451 2674 er
473 2609 543 2673 sich
567 2607 758 2673 belrriinzen
782 2607 865 2692 will3
896 2609 982 2674 dazu
1013 2607 1094 2674 aber
1116 2607 1200 2674 wird
1224 2630 1259 2674 er
1281 2608 1398 2693 irgend
1422 2631 1495 2676 von

206 2707 315 2773 einem
338 2707 434 2772 Alter
464 2707 562 2771 einen
593 2706 716 2772 bereits
744 2707 937 2789 geweihten
961 2707 1071 2772 Kranz
1096 2705 1303 2789 aufgreifen’.
1349 2709 1396 2772 At
1420 2707 1496 2774 iure

205 2803 365 2870 Dziatzko
389 2803 603 2870 Polemonem
635 2824 708 2868 esse
733 2805 839 2869 ciuem
866 2803 987 2887 docuit,
1021 2804 1100 2890 quia
1131 2805 1166 2870 ni
1189 2807 1281 2870 esset
1302 2805 1495 2888 legitimum

205 2902 454 2967 matrimonium
484 2901 567 2966 inire
597 2922 666 2967 non
696 2905 821 2988 posset.
866 2903 916 2968 Ac
947 2901 1036 2988 quod
1067 2903 1193 2968 cultum
1227 2902 1494 2990 religionemque

204 3000 360 3083 neglegit,
386 2999 470 3065 satis
485 2999 591 3065 habet
606 3001 834 3066 excusationis
851 3021 959 3086 neque
975 3000 1148 3082 indignum
1165 3000 1299 3066 uidetur
1313 3000 1494 3068 Menandri

205 3102 286 3181 arte,
318 3098 398 3164 dum
428 3096 526 3164 modo
551 3101 680 3184 quanta
712 3098 783 3163 eius
811 3099 944 3164 animus
976 3100 1020 3164 sit
1048 3101 1234 3164 commotus
1266 3097 1493 3166 sollicitudine

204 3194 420 3262 recordemur.
466 3197 644 3263 Praeterea
669 3197 769 3272 ciues,
802 3197 922 3283 quibus
945 3217 1069 3262 nomen
1093 3195 1195 3262 fuerit
1216 3197 1381 3280 Πολέμων
1405 3218 1492 3263 enu-

204 3297 376 3360 merantur
392 3295 553 3360 Kirchner
575 3293 594 3360 l.
612 3316 636 3360 s.
652 3294 682 3358 Il
705 3317 735 3381 p.
753 3295 816 3360 207
831 3316 879 3381 sq.
894 3294 954 3360 No.
974 3295 1080 3360 11885
1094 3314 1174 3379 sqq,
1200 3316 1341 3380 quorum
1365 3296 1492 3361 ciuium

205 3393 260 3478 qui
284 3394 388 3478 primo
419 3391 491 3459 loco
524 3395 577 3457 est
606 3394 736 3477 positus
768 3391 938 3458 archontis
962 3413 1099 3459 munere
1123 3391 1260 3459 functus
1285 3395 1338 3458 est
1362 3415 1391 3461 a.
1409 3415 1439 3460 a.
1457 3393 1489 3460 Ο.

205 3511 236 3555 n.
253 3490 365 3577 312s1,
404 3491 504 3555 huius
539 3494 660 3576 poetae
696 3492 819 3555 aetate.
873 3488 968 3554 Unde
1003 3490 1066 3555 hoc
1104 3511 1229 3556 nomen
1267 3490 1357 3578 apud
1396 3491 1490 3557 ciues

203 3587 510 3674 frequentissimum
533 3607 642 3673 neque
672 3586 832 3652 inolarum
860 3609 881 3652 a
908 3589 1010 3673 poeta
1040 3591 1098 3652 uix
1122 3587 1239 3654 datum
1263 3610 1337 3654 esse
1350 3589 1491 3673 ,homini

204 3686 345 3752 barbaro
370 3684 554 3751 concludes.
600 3683 717 3769 Neque
742 3683 840 3750 aliter
864 3707 976 3751 resse
1000 3685 1114 3769 habet,
1147 3685 1237 3772 quod
1259 3686 1489 3755 Wilamowitz

203 3783 387 3849 Pataecum
422 3783 601 3849 barbarum
636 3803 710 3848 esse
745 3783 909 3870 opinatur.
963 3782 1050 3849 Nam
1093 3788 1182 3851 recte
1216 3785 1378 3852 Dziatzko
1417 3784 1437 3850 l.
1463 3807 1488 3851 s.

204 3903 234 3967 p.
254 3881 317 3947 134
340 3881 479 3967 adpend.
497 3881 651 3967 exposuit
673 3881 772 3947 haee:
796 3882 863 3948 ‘lch
880 3882 1001 3965 glaube
1016 3880 1181 3947 vielmehr
1204 3904 1266 3949 aus
1290 3882 1366 3949 dem
1381 3881 1488 3949 Verse

204 3978 325 4062 gerade
349 3979 478 4061 folgern
501 4002 542 4044 zu
565 3981 714 4061 mirssen,
747 3980 810 4045 dass
835 4002 870 4046 er
892 3979 1031 4046 Hellene
1062 3982 1108 4046 ist
1130 3980 1200 4046 und
1223 3982 1269 4045 im
1291 3980 1488 4048 Benehmen

204 4077 313 4144 seiner
342 4077 680 4159 wiedergefundenen
704 4078 846 4144 Tochter
870 4077 1055 4161 gleichfalls
1083 4077 1285 4144 hellenische
1308 4080 1381 4160 Art,
1415 4079 1487 4145 also

204 4176 278 4241 eine
293 4176 517 4260 Besteugung
539 4178 626 4242 ihrer
641 4176 810 4242 Herkunit
833 4177 941 4258 sieht’,
965 4178 1161 4262 praesertim
1185 4198 1261 4243 cum
1283 4198 1351 4243 non
1373 4199 1488 4246 rarum

203 4274 305 4339 fuerit
334 4274 398 4340 hoc
429 4296 551 4341 nomen
586 4274 676 4362 apud
713 4276 802 4340 ciues
834 4275 965 4340 Atticos
997 4275 1035 4339 cl.
1058 4273 1221 4341 Kirchner
1243 4274 1263 4340 l.
1280 4296 1305 4340 s,
1321 4276 1350 4340 ll
1372 4297 1404 4362 p.
1421 4277 1489 4342 184

202 4372 263 4438 No.
282 4372 389 4439 11676
402 4395 471 4460 sqq.
517 4372 632 4460 Neque
660 4373 738 4439 inde
768 4372 856 4460 quod
883 4373 1049 4438 Pataecus
1078 4395 1110 4438 u.
1127 4372 1169 4438 33
1188 4373 1340 4458 Ἕλληνος
1362 4377 1486 4460 τρόπον

203 4493 271 4537 non
299 4473 442 4537 Ἀττικοῦ
476 4474 596 4556 τρόπον
633 4472 726 4552 dicit,
763 4475 997 4555 argumentum
1033 4473 1146 4557 potest
1179 4471 1250 4559 peti
1284 4493 1349 4558 quo
1384 4472 1486 4539 huius

203 4569 338 4636 tabulae
384 4592 542 4636 scaenam
580 4570 723 4636 Athenis
761 4590 829 4634 non
868 4591 942 4634 esse
982 4569 1164 4636 euincatur.
1219 4570 1305 4637 Nam
1353 4571 1487 4638 etiamsi
