<?xml version="1.0" encoding="UTF-8"?>
<!DOCTYPE html PUBLIC "-//W3C//DTD XHTML 1.0 Transitional//EN"
    "http://www.w3.org/TR/xhtml1/DTD/xhtml1-transitional.dtd">
<html xmlns="http://www.w3.org/1999/xhtml" xml:lang="en" lang="en">
 <head>
  <title>
</title>
<meta http-equiv="Content-Type" content="text/html;charset=utf-8" />
  <meta name='ocr-system' content='tesseract 3.04.00' />
  <meta name='ocr-capabilities' content='ocr_page ocr_carea ocr_par ocr_line ocrx_word'/>
</head>
<body>
  <div class='ocr_page' id='page_1' title='image "./demenandrireliq01kretgoog_0112.png"; bbox 0 0 3098 4956; ppageno 0'>
   <div class='ocr_carea' id='block_1_1' title="bbox 649 279 895 346">
    <p class='ocr_par' dir='ltr' id='par_1_1' title="bbox 649 279 895 346">
     <span class='ocr_line' id='line_1_1' title="bbox 649 279 895 346; baseline 0.012 -3"><span class='ocrx_word' id='word_1_1' title='bbox 649 279 895 346; x_wconf 87' lang='grc'><strong>-107-</strong></span> 
     </span>
    </p>
   </div>
   <div class='ocr_carea' id='block_1_2' title="bbox 133 455 1413 738">
    <p class='ocr_par' dir='ltr' id='par_1_2' title="bbox 133 455 1413 738">
     <span class='ocr_line' id='line_1_2' title="bbox 133 455 1413 543; baseline 0 -21"><span class='ocrx_word' id='word_1_2' title='bbox 133 455 265 543; x_wconf 83' lang='lat' dir='ltr'>priuata</span> <span class='ocrx_word' id='word_1_3' title='bbox 294 459 485 542; x_wconf 85' lang='lat' dir='ltr'>exponeret,</span> <span class='ocrx_word' id='word_1_4' title='bbox 517 458 590 523; x_wconf 89' lang='lat' dir='ltr'>tum</span> <span class='ocrx_word' id='word_1_5' title='bbox 621 477 686 542; x_wconf 92' lang='lat' dir='ltr'>quo</span> <span class='ocrx_word' id='word_1_6' title='bbox 718 455 815 522; x_wconf 94' lang='lat' dir='ltr'>modo</span> <span class='ocrx_word' id='word_1_7' title='bbox 848 457 893 523; x_wconf 91' lang='lat' dir='ltr'>eri</span> <span class='ocrx_word' id='word_1_8' title='bbox 923 455 1084 523; x_wconf 88' lang='lat' dir='ltr'>desiderio</span> <span class='ocrx_word' id='word_1_9' title='bbox 1114 456 1188 543; x_wconf 87' lang='lat' dir='ltr'>ipsa</span> <span class='ocrx_word' id='word_1_10' title='bbox 1218 455 1413 522; x_wconf 88' lang='lat' dir='ltr'>subueniret</span> 
     </span>
     <span class='ocr_line' id='line_1_3' title="bbox 133 554 341 621; baseline 0 -1"><span class='ocrx_word' id='word_1_11' title='bbox 133 554 341 621; x_wconf 80' lang='lat' dir='ltr'>deliberaret.</span> 
     </span>
     <span class='ocr_line' id='line_1_4' title="bbox 238 649 815 738; baseline 0 -21"><span class='ocrx_word' id='word_1_12' title='bbox 238 652 311 717; x_wconf 91' lang='lat' dir='ltr'>lam</span> <span class='ocrx_word' id='word_1_13' title='bbox 333 649 371 717; x_wconf 84' lang='lat' dir='ltr'>fr.</span> <span class='ocrx_word' id='word_1_14' title='bbox 388 652 452 719; x_wconf 83' lang='grc'>627</span> <span class='ocrx_word' id='word_1_15' title='bbox 476 651 515 719; x_wconf 93' lang='lat' dir='ltr'>K.</span> <span class='ocrx_word' id='word_1_16' title='bbox 533 652 614 718; x_wconf 83' lang='lat' dir='ltr'>OAF</span> <span class='ocrx_word' id='word_1_17' title='bbox 637 652 681 717; x_wconf 93' lang='grc' dir='ltr'>ΙΠ</span> <span class='ocrx_word' id='word_1_18' title='bbox 703 674 733 738; x_wconf 92' lang='lat' dir='ltr'>p.</span> <span class='ocrx_word' id='word_1_19' title='bbox 753 651 815 717; x_wconf 85' lang='lat'>187</span> 
     </span>
    </p>
   </div>
   <div class='ocr_carea' id='block_1_3' title="bbox 129 751 1415 3579">
    <p class='ocr_par' dir='ltr' id='par_1_3' title="bbox 346 751 1227 835">
     <span class='ocr_line' id='line_1_5' title="bbox 346 751 1227 835; baseline 0.001 -20"><span class='ocrx_word' id='word_1_20' title='bbox 346 752 385 815; x_wconf 82' lang='grc' dir='ltr'>οὐ</span> <span class='ocrx_word' id='word_1_21' title='bbox 409 751 470 834; x_wconf 84' lang='grc' dir='ltr'>γὰρ</span> <span class='ocrx_word' id='word_1_22' title='bbox 492 751 527 815; x_wconf 91' lang='grc' dir='ltr'><strong><em>τδ</em></strong></span> <span class='ocrx_word' id='word_1_23' title='bbox 550 752 684 834; x_wconf 68' lang='grc' dir='ltr'><strong><em>πλῆθος,</em></strong></span> <span class='ocrx_word' id='word_1_24' title='bbox 708 754 747 815; x_wconf 82' lang='grc' dir='ltr'>ἂν</span> <span class='ocrx_word' id='word_1_25' title='bbox 772 759 888 835; x_wconf 88' lang='grc' dir='ltr'><strong><em>σκοπῆι</em></strong></span> <span class='ocrx_word' id='word_1_26' title='bbox 909 776 963 826; x_wconf 82' lang='grc' dir='ltr'><strong><em>τις,</em></strong></span> <span class='ocrx_word' id='word_1_27' title='bbox 986 759 1042 816; x_wconf 87' lang='grc' dir='ltr'><strong><em>τοῦ</em></strong></span> <span class='ocrx_word' id='word_1_28' title='bbox 1065 753 1165 816; x_wconf 89' lang='grc' dir='ltr'><strong><em>πότου</em></strong></span> <span class='ocrx_word' id='word_1_29' title='bbox 1225 771 1227 775; x_wconf 84' lang='grc'><em>·</em></span> 
     </span>
    </p>

    <p class='ocr_par' dir='ltr' id='par_1_4' title="bbox 129 850 1415 1624">
     <span class='ocr_line' id='line_1_6' title="bbox 345 850 1051 933; baseline 0.001 -20"><span class='ocrx_word' id='word_1_30' title='bbox 345 857 420 913; x_wconf 91' lang='grc' dir='ltr'><strong><em>ποεῖ</em></strong></span> <span class='ocrx_word' id='word_1_31' title='bbox 438 857 607 932; x_wconf 83' lang='grc' dir='ltr'><em>παροινεῖν,</em></span> <span class='ocrx_word' id='word_1_32' title='bbox 629 857 686 913; x_wconf 87' lang='grc' dir='ltr'><strong><em>τοῦ</em></strong></span> <span class='ocrx_word' id='word_1_33' title='bbox 709 850 836 920; x_wconf 80' lang='grc' dir='ltr'><strong><em>πιόντος</em></strong></span> <span class='ocrx_word' id='word_1_34' title='bbox 859 850 924 933; x_wconf 73' lang='grc' dir='ltr'>δή</span> <span class='ocrx_word' id='word_1_35' title='bbox 949 852 1051 933; x_wconf 80' lang='grc' dir='ltr'><strong><em>φύσις.</em></strong></span> 
     </span>
     <span class='ocr_line' id='line_1_7' title="bbox 130 943 1413 1032; baseline 0.001 -21"><span class='ocrx_word' id='word_1_36' title='bbox 130 947 165 1011; x_wconf 92' lang='lat' dir='ltr'>in</span> <span class='ocrx_word' id='word_1_37' title='bbox 188 966 255 1032; x_wconf 92' lang='lat' dir='ltr'>quo</span> <span class='ocrx_word' id='word_1_38' title='bbox 291 943 479 1029; x_wconf 88' lang='lat' dir='ltr'>fragmento</span> <span class='ocrx_word' id='word_1_39' title='bbox 515 944 633 1012; x_wconf 86' lang='lat' dir='ltr'>eadem</span> <span class='ocrx_word' id='word_1_40' title='bbox 666 967 732 1011; x_wconf 87' lang='lat' dir='ltr'>uox</span> <span class='ocrx_word' id='word_1_41' title='bbox 761 955 922 1030; x_wconf 74' lang='grc' dir='ltr'><em>παροινεῖν</em></span> <span class='ocrx_word' id='word_1_42' title='bbox 946 967 1031 1032; x_wconf 89' lang='lat' dir='ltr'>quae</span> <span class='ocrx_word' id='word_1_43' title='bbox 1062 945 1097 1011; x_wconf 92' lang='lat' dir='ltr'>in</span> <span class='ocrx_word' id='word_1_44' title='bbox 1130 947 1223 1012; x_wconf 83' lang='lat' dir='ltr'>carta</span> <span class='ocrx_word' id='word_1_45' title='bbox 1245 946 1287 1010; x_wconf 86' lang='lat'>13</span> <span class='ocrx_word' id='word_1_46' title='bbox 1312 948 1347 1010; x_wconf 87' lang='lat' dir='ltr'>et</span> <span class='ocrx_word' id='word_1_47' title='bbox 1369 945 1413 1012; x_wconf 90' lang='grc'>47</span> 
     </span>
     <span class='ocr_line' id='line_1_8' title="bbox 129 1041 1412 1127; baseline 0 -18"><span class='ocrx_word' id='word_1_48' title='bbox 129 1042 264 1127; x_wconf 92' lang='lat' dir='ltr'>legatur</span> <span class='ocrx_word' id='word_1_49' title='bbox 287 1064 439 1109; x_wconf 90' lang='lat' dir='ltr'>necnon</span> <span class='ocrx_word' id='word_1_50' title='bbox 464 1043 505 1110; x_wconf 90' lang='lat' dir='ltr'>de</span> <span class='ocrx_word' id='word_1_51' title='bbox 530 1043 628 1109; x_wconf 87' lang='lat' dir='ltr'>simili</span> <span class='ocrx_word' id='word_1_52' title='bbox 651 1066 686 1110; x_wconf 91' lang='lat' dir='ltr'>re</span> <span class='ocrx_word' id='word_1_53' title='bbox 710 1044 764 1127; x_wconf 90' lang='lat' dir='ltr'>agi</span> <span class='ocrx_word' id='word_1_54' title='bbox 786 1042 952 1126; x_wconf 82' lang='lat' dir='ltr'>uideatur,</span> <span class='ocrx_word' id='word_1_55' title='bbox 978 1043 1021 1109; x_wconf 91' lang='lat' dir='ltr'>ad</span> <span class='ocrx_word' id='word_1_56' title='bbox 1044 1044 1132 1109; x_wconf 91' lang='lat' dir='ltr'>hanc</span> <span class='ocrx_word' id='word_1_57' title='bbox 1151 1041 1303 1109; x_wconf 87' lang='lat' dir='ltr'>fabulam</span> <span class='ocrx_word' id='word_1_58' title='bbox 1325 1041 1412 1109; x_wconf 87' lang='lat' dir='ltr'>refe-</span> 
     </span>
     <span class='ocr_line' id='line_1_9' title="bbox 131 1140 1411 1228; baseline -0.002 -21"><span class='ocrx_word' id='word_1_59' title='bbox 131 1141 272 1208; x_wconf 91' lang='lat' dir='ltr'>rendum</span> <span class='ocrx_word' id='word_1_60' title='bbox 295 1162 369 1208; x_wconf 91' lang='lat' dir='ltr'>esse</span> <span class='ocrx_word' id='word_1_61' title='bbox 393 1162 549 1207; x_wconf 87' lang='lat' dir='ltr'>censeam</span> <span class='ocrx_word' id='word_1_62' title='bbox 581 1145 684 1228; x_wconf 90' lang='lat' dir='ltr'>atque</span> <span class='ocrx_word' id='word_1_63' title='bbox 708 1143 755 1208; x_wconf 90' lang='lat' dir='ltr'>sic</span> <span class='ocrx_word' id='word_1_64' title='bbox 778 1141 923 1208; x_wconf 85' lang='lat' dir='ltr'>fortasse</span> <span class='ocrx_word' id='word_1_65' title='bbox 946 1146 987 1209; x_wconf 88' lang='lat' dir='ltr'>ut</span> <span class='ocrx_word' id='word_1_66' title='bbox 1015 1142 1050 1206; x_wconf 90' lang='lat' dir='ltr'>in</span> <span class='ocrx_word' id='word_1_67' title='bbox 1074 1140 1248 1228; x_wconf 87' lang='lat' dir='ltr'>conloquio</span> <span class='ocrx_word' id='word_1_68' title='bbox 1271 1140 1337 1223; x_wconf 87' lang='lat' dir='ltr'>illc,</span> <span class='ocrx_word' id='word_1_69' title='bbox 1371 1140 1411 1206; x_wconf 90' lang='lat' dir='ltr'>de</span> 
     </span>
     <span class='ocr_line' id='line_1_10' title="bbox 132 1237 1412 1327; baseline -0.002 -22"><span class='ocrx_word' id='word_1_70' title='bbox 132 1261 197 1327; x_wconf 90' lang='lat' dir='ltr'>que</span> <span class='ocrx_word' id='word_1_71' title='bbox 221 1240 320 1306; x_wconf 89' lang='lat' dir='ltr'>modo</span> <span class='ocrx_word' id='word_1_72' title='bbox 345 1239 498 1322; x_wconf 88' lang='lat' dir='ltr'>diximus,</span> <span class='ocrx_word' id='word_1_73' title='bbox 524 1260 615 1305; x_wconf 91' lang='lat' dir='ltr'>erum</span> <span class='ocrx_word' id='word_1_74' title='bbox 631 1239 728 1305; x_wconf 89' lang='lat' dir='ltr'>Doris</span> <span class='ocrx_word' id='word_1_75' title='bbox 751 1243 901 1306; x_wconf 88' lang='lat' dir='ltr'>excuset:</span> <span class='ocrx_word' id='word_1_76' title='bbox 925 1244 1005 1305; x_wconf 79' lang='lat' dir='ltr'>‘non</span> <span class='ocrx_word' id='word_1_77' title='bbox 1029 1239 1163 1305; x_wconf 87' lang='lat' dir='ltr'>omnino</span> <span class='ocrx_word' id='word_1_78' title='bbox 1188 1260 1262 1305; x_wconf 90' lang='lat' dir='ltr'>esse</span> <span class='ocrx_word' id='word_1_79' title='bbox 1286 1237 1412 1304; x_wconf 92' lang='lat' dir='ltr'>malum</span> 
     </span>
     <span class='ocr_line' id='line_1_11' title="bbox 130 1335 1414 1423; baseline -0.002 -18"><span class='ocrx_word' id='word_1_80' title='bbox 130 1360 193 1405; x_wconf 92' lang='lat' dir='ltr'>nec</span> <span class='ocrx_word' id='word_1_81' title='bbox 230 1341 357 1404; x_wconf 90' lang='lat' dir='ltr'>natura</span> <span class='ocrx_word' id='word_1_82' title='bbox 392 1339 494 1423; x_wconf 90' lang='lat' dir='ltr'>atque</span> <span class='ocrx_word' id='word_1_83' title='bbox 528 1337 639 1405; x_wconf 88' lang='lat' dir='ltr'>indole</span> <span class='ocrx_word' id='word_1_84' title='bbox 673 1337 869 1421; x_wconf 87' lang='lat' dir='ltr'>uiolentum,</span> <span class='ocrx_word' id='word_1_85' title='bbox 906 1337 965 1404; x_wconf 90' lang='lat' dir='ltr'>sed</span> <span class='ocrx_word' id='word_1_86' title='bbox 999 1346 1071 1402; x_wconf 83' lang='lat' dir='ltr'>tum</span> <span class='ocrx_word' id='word_1_87' title='bbox 1094 1337 1197 1403; x_wconf 92' lang='lat' dir='ltr'>nimia</span> <span class='ocrx_word' id='word_1_88' title='bbox 1220 1335 1291 1401; x_wconf 91' lang='lat' dir='ltr'>uini</span> <span class='ocrx_word' id='word_1_89' title='bbox 1318 1337 1414 1422; x_wconf 89' lang='lat' dir='ltr'>copia</span> 
     </span>
     <span class='ocr_line' id='line_1_12' title="bbox 131 1432 1415 1523; baseline -0.002 -21"><span class='ocrx_word' id='word_1_90' title='bbox 131 1436 260 1502; x_wconf 90' lang='lat' dir='ltr'>ebrium</span> <span class='ocrx_word' id='word_1_91' title='bbox 294 1436 362 1502; x_wconf 89' lang='lat' dir='ltr'>irae</span> <span class='ocrx_word' id='word_1_92' title='bbox 397 1434 501 1501; x_wconf 92' lang='lat' dir='ltr'>semel</span> <span class='ocrx_word' id='word_1_93' title='bbox 535 1439 637 1523; x_wconf 88' lang='lat' dir='ltr'>atque</span> <span class='ocrx_word' id='word_1_94' title='bbox 672 1436 889 1502; x_wconf 80' lang='lat' dir='ltr'>aemulationi</span> <span class='ocrx_word' id='word_1_95' title='bbox 922 1435 1121 1518; x_wconf 66' lang='lat' dir='ltr'>indulsisse,</span> <span class='ocrx_word' id='word_1_96' title='bbox 1157 1432 1300 1522; x_wconf 84' lang='lat' dir='ltr'>Glycera</span> <span class='ocrx_word' id='word_1_97' title='bbox 1329 1435 1415 1500; x_wconf 90' lang='lat' dir='ltr'>haec</span> 
     </span>
     <span class='ocr_line' id='line_1_13' title="bbox 131 1532 1412 1624; baseline -0.002 -24"><span class='ocrx_word' id='word_1_98' title='bbox 131 1532 308 1622; x_wconf 77' lang='lat' dir='ltr'>repellat‚1l</span> <span class='ocrx_word' id='word_1_99' title='bbox 342 1555 417 1624; x_wconf 88' lang='lat' dir='ltr'>cum</span> <span class='ocrx_word' id='word_1_100' title='bbox 441 1537 476 1600; x_wconf 90' lang='lat' dir='ltr'>et</span> <span class='ocrx_word' id='word_1_101' title='bbox 499 1533 567 1600; x_wconf 89' lang='lat' dir='ltr'>alia</span> <span class='ocrx_word' id='word_1_102' title='bbox 598 1536 632 1600; x_wconf 90' lang='lat' dir='ltr'>et</span> <span class='ocrx_word' id='word_1_103' title='bbox 654 1532 882 1617; x_wconf 79' lang='lat' dir='ltr'>fragmentum</span> <span class='ocrx_word' id='word_1_104' title='bbox 905 1532 1002 1599; x_wconf 87' lang='lat' dir='ltr'>mode</span> <span class='ocrx_word' id='word_1_105' title='bbox 1027 1535 1186 1619; x_wconf 89' lang='lat' dir='ltr'>scriptum</span> <span class='ocrx_word' id='word_1_106' title='bbox 1208 1532 1412 1619; x_wconf 86' lang='lat' dir='ltr'>pronuntiat.</span> 
     </span>
    </p>

    <p class='ocr_par' dir='ltr' id='par_1_5' title="bbox 241 1631 1256 1718">
     <span class='ocr_line' id='line_1_14' title="bbox 241 1631 1256 1718; baseline -0.002 -21"><span class='ocrx_word' id='word_1_107' title='bbox 241 1631 307 1697; x_wconf 85' lang='lat' dir='ltr'>Sed</span> <span class='ocrx_word' id='word_1_108' title='bbox 332 1631 420 1717; x_wconf 90' lang='lat' dir='ltr'>quod</span> <span class='ocrx_word' id='word_1_109' title='bbox 444 1631 531 1698; x_wconf 85' lang='lat' dir='ltr'>Setti</span> <span class='ocrx_word' id='word_1_110' title='bbox 554 1631 573 1697; x_wconf 93' lang='lat' dir='ltr'>l.</span> <span class='ocrx_word' id='word_1_111' title='bbox 591 1653 616 1696; x_wconf 94' lang='lat' dir='ltr'>s.</span> <span class='ocrx_word' id='word_1_112' title='bbox 639 1654 669 1718; x_wconf 89' lang='lat' dir='ltr'>p.</span> <span class='ocrx_word' id='word_1_113' title='bbox 687 1631 751 1697; x_wconf 81' lang='grc'>168</span> <span class='ocrx_word' id='word_1_114' title='bbox 775 1631 812 1699; x_wconf 84' lang='lat' dir='ltr'>fr.</span> <span class='ocrx_word' id='word_1_115' title='bbox 830 1632 895 1699; x_wconf 83' lang='grc'>732</span> <span class='ocrx_word' id='word_1_116' title='bbox 918 1633 957 1698; x_wconf 92' lang='lat' dir='ltr'><strong>K.</strong></span> <span class='ocrx_word' id='word_1_117' title='bbox 975 1631 1056 1697; x_wconf 80' lang='lat' dir='ltr'>OAF</span> <span class='ocrx_word' id='word_1_118' title='bbox 1079 1631 1123 1696; x_wconf 91' lang='lat' dir='ltr'>III</span> <span class='ocrx_word' id='word_1_119' title='bbox 1145 1652 1175 1717; x_wconf 93' lang='lat' dir='ltr'><strong>p.</strong></span> <span class='ocrx_word' id='word_1_120' title='bbox 1192 1631 1256 1696; x_wconf 84' lang='grc'>207</span> 
     </span>
    </p>

    <p class='ocr_par' dir='ltr' id='par_1_6' title="bbox 345 1731 1152 1815">
     <span class='ocr_line' id='line_1_15' title="bbox 345 1731 1152 1815; baseline 0 -21"><span class='ocrx_word' id='word_1_121' title='bbox 345 1731 477 1814; x_wconf 84' lang='grc' dir='ltr'><strong><em>κομηιδς</em></strong></span> <span class='ocrx_word' id='word_1_122' title='bbox 499 1734 696 1815; x_wconf 75' lang='grc' dir='ltr'><strong><em>στρατιώτης,</em></strong></span> <span class='ocrx_word' id='word_1_123' title='bbox 721 1731 791 1794; x_wconf 82' lang='grc' dir='ltr'><strong><em>οὐδ’</em></strong></span> <span class='ocrx_word' id='word_1_124' title='bbox 805 1734 843 1795; x_wconf 82' lang='grc' dir='ltr'>ἂν</span> <span class='ocrx_word' id='word_1_125' title='bbox 868 1733 897 1795; x_wconf 81' lang='grc' dir='ltr'>εἰ</span> <span class='ocrx_word' id='word_1_126' title='bbox 917 1732 1043 1794; x_wconf 78' lang='grc' dir='ltr'><strong><em>πλάττοι</em></strong></span> <span class='ocrx_word' id='word_1_127' title='bbox 1065 1731 1152 1815; x_wconf 71' lang='grc' dir='ltr'><strong><em>θεός,</em></strong></span> 
     </span>
    </p>

    <p class='ocr_par' dir='ltr' id='par_1_7' title="bbox 131 1824 1414 2992">
     <span class='ocr_line' id='line_1_16' title="bbox 347 1824 682 1918; baseline 0.003 -26"><span class='ocrx_word' id='word_1_128' title='bbox 347 1824 492 1918; x_wconf 80' lang='grc' dir='ltr'>οὐ&lt;δ&gt;ε1ς</span> <span class='ocrx_word' id='word_1_129' title='bbox 515 1831 626 1912; x_wconf 81' lang='grc' dir='ltr'><strong><em>γένοιτ’</em></strong></span> <span class='ocrx_word' id='word_1_130' title='bbox 643 1831 682 1893; x_wconf 83' lang='grc' dir='ltr'>ἄν</span> 
     </span>
     <span class='ocr_line' id='line_1_17' title="bbox 133 1924 1414 2013; baseline -0.002 -21"><span class='ocrx_word' id='word_1_131' title='bbox 133 1947 173 1992; x_wconf 91' lang='lat' dir='ltr'>ex</span> <span class='ocrx_word' id='word_1_132' title='bbox 196 1926 440 1991; x_wconf 88' lang='lat' dir='ltr'>Periciromena</span> <span class='ocrx_word' id='word_1_133' title='bbox 463 1930 656 2012; x_wconf 87' lang='lat' dir='ltr'>excerptum</span> <span class='ocrx_word' id='word_1_134' title='bbox 680 1946 754 1992; x_wconf 88' lang='lat' dir='ltr'>esse</span> <span class='ocrx_word' id='word_1_135' title='bbox 779 1925 946 2013; x_wconf 87' lang='lat' dir='ltr'>opinatur:</span> <span class='ocrx_word' id='word_1_136' title='bbox 975 1925 1066 1992; x_wconf 87' lang='lat' dir='ltr'>haud</span> <span class='ocrx_word' id='word_1_137' title='bbox 1089 1946 1217 2011; x_wconf 83' lang='lat' dir='ltr'>paucae</span> <span class='ocrx_word' id='word_1_138' title='bbox 1240 1924 1414 1991; x_wconf 90' lang='lat' dir='ltr'>Menandri</span> 
     </span>
     <span class='ocr_line' id='line_1_18' title="bbox 132 2022 1413 2110; baseline -0.002 -20"><span class='ocrx_word' id='word_1_139' title='bbox 132 2027 211 2090; x_wconf 92' lang='lat' dir='ltr'>sunt</span> <span class='ocrx_word' id='word_1_140' title='bbox 246 2023 398 2106; x_wconf 85' lang='lat' dir='ltr'>fabulae,</span> <span class='ocrx_word' id='word_1_141' title='bbox 437 2022 472 2088; x_wconf 92' lang='lat' dir='ltr'>in</span> <span class='ocrx_word' id='word_1_142' title='bbox 504 2024 624 2110; x_wconf 91' lang='lat' dir='ltr'>quibus</span> <span class='ocrx_word' id='word_1_143' title='bbox 659 2024 743 2090; x_wconf 82' lang='lat' dir='ltr'>talia</span> <span class='ocrx_word' id='word_1_144' title='bbox 777 2022 840 2089; x_wconf 92' lang='lat' dir='ltr'>dici</span> <span class='ocrx_word' id='word_1_145' title='bbox 874 2023 1005 2110; x_wconf 83' lang='lat' dir='ltr'>possint</span> <span class='ocrx_word' id='word_1_146' title='bbox 1040 2023 1080 2089; x_wconf 91' lang='lat' dir='ltr'>de</span> <span class='ocrx_word' id='word_1_147' title='bbox 1119 2023 1224 2089; x_wconf 86' lang='lat' dir='ltr'>milite</span> <span class='ocrx_word' id='word_1_148' title='bbox 1263 2023 1413 2088; x_wconf 87' lang='lat' dir='ltr'>urbanae</span> 
     </span>
     <span class='ocr_line' id='line_1_19' title="bbox 131 2121 1414 2209; baseline 0 -23"><span class='ocrx_word' id='word_1_149' title='bbox 131 2121 354 2187; x_wconf 89' lang='lat' dir='ltr'>humanitatis</span> <span class='ocrx_word' id='word_1_150' title='bbox 378 2122 480 2206; x_wconf 88' lang='lat' dir='ltr'>atque</span> <span class='ocrx_word' id='word_1_151' title='bbox 504 2121 690 2204; x_wconf 78' lang='lat' dir='ltr'>elegantiae</span> <span class='ocrx_word' id='word_1_152' title='bbox 714 2122 876 2209; x_wconf 86' lang='lat' dir='ltr'>imperito,</span> <span class='ocrx_word' id='word_1_153' title='bbox 901 2122 1007 2188; x_wconf 90' lang='lat' dir='ltr'>ueluti</span> <span class='ocrx_word' id='word_1_154' title='bbox 1025 2124 1137 2194; x_wconf 82' lang='grc' dir='ltr'><strong><em>Ἀσπίς</em></strong></span> <span class='ocrx_word' id='word_1_155' title='bbox 1161 2121 1242 2188; x_wconf 78' lang='lat' dir='ltr'>OAF</span> <span class='ocrx_word' id='word_1_156' title='bbox 1257 2121 1301 2186; x_wconf 90' lang='lat' dir='ltr'>III</span> <span class='ocrx_word' id='word_1_157' title='bbox 1323 2144 1353 2209; x_wconf 93' lang='lat' dir='ltr'>p.</span> <span class='ocrx_word' id='word_1_158' title='bbox 1371 2121 1414 2186; x_wconf 88' lang='lat'>24</span> 
     </span>
     <span class='ocr_line' id='line_1_20' title="bbox 136 2219 1413 2307; baseline 0.001 -21"><span class='ocrx_word' id='word_1_159' title='bbox 136 2219 332 2304; x_wconf 81' lang='grc' dir='ltr'><em>Θρασυλέων</em></span> <span class='ocrx_word' id='word_1_160' title='bbox 354 2241 384 2306; x_wconf 89' lang='lat' dir='ltr'>p.</span> <span class='ocrx_word' id='word_1_161' title='bbox 401 2220 443 2284; x_wconf 89' lang='grc'>69</span> <span class='ocrx_word' id='word_1_162' title='bbox 466 2220 585 2303; x_wconf 65' lang='lat' dir='ltr'>Keras,</span> <span class='ocrx_word' id='word_1_163' title='bbox 613 2221 823 2304; x_wconf 84' lang='grc' dir='ltr'><strong><em>Μισούμενος</em></strong></span> <span class='ocrx_word' id='word_1_164' title='bbox 845 2242 875 2307; x_wconf 92' lang='lat' dir='ltr'>p.</span> <span class='ocrx_word' id='word_1_165' title='bbox 892 2219 935 2286; x_wconf 85' lang='grc'>97</span> <span class='ocrx_word' id='word_1_166' title='bbox 948 2242 1017 2307; x_wconf 87' lang='lat' dir='ltr'>sqq.</span> <span class='ocrx_word' id='word_1_167' title='bbox 1042 2222 1218 2304; x_wconf 83' lang='grc' dir='ltr'><strong><em>Ξενολόγος</em></strong></span> <span class='ocrx_word' id='word_1_168' title='bbox 1241 2242 1271 2307; x_wconf 89' lang='lat' dir='ltr'>p.</span> <span class='ocrx_word' id='word_1_169' title='bbox 1288 2219 1352 2284; x_wconf 88' lang='grc'>103</span> <span class='ocrx_word' id='word_1_170' title='bbox 1366 2241 1413 2307; x_wconf 90' lang='lat' dir='ltr'>sq.</span> 
     </span>
     <span class='ocr_line' id='line_1_21' title="bbox 131 2317 1413 2406; baseline 0.002 -24"><span class='ocrx_word' id='word_1_171' title='bbox 131 2319 313 2389; x_wconf 83' lang='grc' dir='ltr'><strong><em>Σικυώνιος</em></strong></span> <span class='ocrx_word' id='word_1_172' title='bbox 335 2338 365 2403; x_wconf 87' lang='lat' dir='ltr'><strong>p.</strong></span> <span class='ocrx_word' id='word_1_173' title='bbox 385 2317 447 2383; x_wconf 85' lang='grc'>126</span> <span class='ocrx_word' id='word_1_174' title='bbox 460 2339 529 2403; x_wconf 86' lang='lat' dir='ltr'>sqq.</span> <span class='ocrx_word' id='word_1_175' title='bbox 552 2319 747 2403; x_wconf 79' lang='grc' dir='ltr'><strong><em>Στρατιιῖνιαι</em></strong></span> <span class='ocrx_word' id='word_1_176' title='bbox 769 2339 799 2404; x_wconf 91' lang='lat' dir='ltr'>p.</span> <span class='ocrx_word' id='word_1_177' title='bbox 816 2319 878 2384; x_wconf 85' lang='grc'>128</span> <span class='ocrx_word' id='word_1_178' title='bbox 891 2340 938 2406; x_wconf 90' lang='lat' dir='ltr'>sq.</span> <span class='ocrx_word' id='word_1_179' title='bbox 968 2320 1196 2404; x_wconf 79' lang='grc' dir='ltr'><strong><em>Ψευδηρακλῆς</em></strong></span> <span class='ocrx_word' id='word_1_180' title='bbox 1218 2340 1249 2404; x_wconf 85' lang='lat' dir='ltr'><strong>p.</strong></span> <span class='ocrx_word' id='word_1_181' title='bbox 1269 2317 1331 2384; x_wconf 86' lang='grc'>148</span> <span class='ocrx_word' id='word_1_182' title='bbox 1344 2340 1413 2405; x_wconf 88' lang='lat' dir='ltr'>sqq.</span> 
     </span>
     <span class='ocr_line' id='line_1_22' title="bbox 133 2414 1413 2502; baseline 0.001 -21"><span class='ocrx_word' id='word_1_183' title='bbox 133 2415 261 2481; x_wconf 84' lang='lat' dir='ltr'>accedit</span> <span class='ocrx_word' id='word_1_184' title='bbox 284 2416 339 2487; x_wconf 84' lang='grc' dir='ltr'>Δὶς</span> <span class='ocrx_word' id='word_1_185' title='bbox 355 2417 520 2489; x_wconf 80' lang='grc' dir='ltr'>ἐξαπατῶν</span> <span class='ocrx_word' id='word_1_186' title='bbox 543 2437 573 2502; x_wconf 93' lang='lat' dir='ltr'>p.</span> <span class='ocrx_word' id='word_1_187' title='bbox 590 2416 633 2481; x_wconf 88' lang='lat'>35</span> <span class='ocrx_word' id='word_1_188' title='bbox 646 2438 692 2502; x_wconf 90' lang='lat' dir='ltr'>sq.</span> <span class='ocrx_word' id='word_1_189' title='bbox 709 2417 744 2481; x_wconf 92' lang='lat' dir='ltr'>in</span> <span class='ocrx_word' id='word_1_190' title='bbox 761 2437 828 2501; x_wconf 92' lang='lat' dir='ltr'>qua</span> <span class='ocrx_word' id='word_1_191' title='bbox 849 2415 967 2482; x_wconf 86' lang='lat' dir='ltr'>fabula</span> <span class='ocrx_word' id='word_1_192' title='bbox 987 2416 1126 2482; x_wconf 91' lang='lat' dir='ltr'>militem</span> <span class='ocrx_word' id='word_1_193' title='bbox 1141 2414 1316 2482; x_wconf 90' lang='lat' dir='ltr'>inductum</span> <span class='ocrx_word' id='word_1_194' title='bbox 1339 2437 1413 2482; x_wconf 92' lang='lat' dir='ltr'>esse</span> 
     </span>
     <span class='ocr_line' id='line_1_23' title="bbox 133 2512 1412 2601; baseline 0.002 -22"><span class='ocrx_word' id='word_1_195' title='bbox 133 2534 150 2579; x_wconf 90' lang='lat' dir='ltr'>e</span> <span class='ocrx_word' id='word_1_196' title='bbox 179 2512 294 2579; x_wconf 89' lang='lat' dir='ltr'>Plauti</span> <span class='ocrx_word' id='word_1_197' title='bbox 325 2512 546 2578; x_wconf 89' lang='lat' dir='ltr'>Bacchidibus</span> <span class='ocrx_word' id='word_1_198' title='bbox 568 2513 783 2596; x_wconf 85' lang='lat' dir='ltr'>intellegitur,</span> <span class='ocrx_word' id='word_1_199' title='bbox 809 2513 848 2579; x_wconf 85' lang='lat' dir='ltr'>ei.</span> <span class='ocrx_word' id='word_1_200' title='bbox 872 2513 1011 2597; x_wconf 83' lang='lat' dir='ltr'>Ritschl,</span> <span class='ocrx_word' id='word_1_201' title='bbox 1042 2513 1186 2594; x_wconf 87' lang='lat' dir='ltr'>Parerga</span> <span class='ocrx_word' id='word_1_202' title='bbox 1218 2536 1248 2601; x_wconf 91' lang='lat' dir='ltr'><strong>p.</strong></span> <span class='ocrx_word' id='word_1_203' title='bbox 1265 2515 1330 2580; x_wconf 88' lang='grc'>404</span> <span class='ocrx_word' id='word_1_204' title='bbox 1343 2535 1412 2601; x_wconf 92' lang='lat' dir='ltr'><strong>sqq.</strong></span> 
     </span>
     <span class='ocr_line' id='line_1_24' title="bbox 131 2608 1414 2699; baseline -0.001 -22"><span class='ocrx_word' id='word_1_205' title='bbox 131 2611 200 2677; x_wconf 86' lang='lat' dir='ltr'>Nec</span> <span class='ocrx_word' id='word_1_206' title='bbox 233 2608 322 2696; x_wconf 89' lang='lat' dir='ltr'>quod</span> <span class='ocrx_word' id='word_1_207' title='bbox 345 2609 383 2675; x_wconf 86' lang='lat' dir='ltr'>fr.</span> <span class='ocrx_word' id='word_1_208' title='bbox 400 2610 465 2676; x_wconf 77' lang='lat'>569</span> <span class='ocrx_word' id='word_1_209' title='bbox 488 2610 527 2679; x_wconf 91' lang='grc' dir='ltr'>Κ.</span> <span class='ocrx_word' id='word_1_210' title='bbox 545 2611 626 2677; x_wconf 81' lang='lat' dir='ltr'>OAF</span> <span class='ocrx_word' id='word_1_211' title='bbox 649 2612 693 2677; x_wconf 87' lang='lat'>111</span> <span class='ocrx_word' id='word_1_212' title='bbox 715 2634 745 2699; x_wconf 90' lang='lat' dir='ltr'><strong>p.</strong></span> <span class='ocrx_word' id='word_1_213' title='bbox 764 2611 827 2678; x_wconf 91' lang='grc'>174</span> <span class='ocrx_word' id='word_1_214' title='bbox 849 2613 997 2696; x_wconf 76' lang='grc' dir='ltr'><strong><em>Γλυκέρα</em></strong></span> <span class='ocrx_word' id='word_1_215' title='bbox 1028 2610 1195 2698; x_wconf 87' lang='lat' dir='ltr'>quaedam</span> <span class='ocrx_word' id='word_1_216' title='bbox 1226 2611 1414 2698; x_wconf 89' lang='lat' dir='ltr'>adpellatur</span> 
     </span>
     <span class='ocr_line' id='line_1_25' title="bbox 132 2709 1413 2797; baseline 0.001 -23"><span class='ocrx_word' id='word_1_217' title='bbox 132 2709 216 2775; x_wconf 88' lang='lat' dir='ltr'>satis</span> <span class='ocrx_word' id='word_1_218' title='bbox 256 2728 416 2790; x_wconf 89' lang='lat' dir='ltr'>magnum</span> <span class='ocrx_word' id='word_1_219' title='bbox 455 2711 527 2774; x_wconf 86' lang='lat' dir='ltr'>erat</span> <span class='ocrx_word' id='word_1_220' title='bbox 561 2711 806 2793; x_wconf 83' lang='lat' dir='ltr'>argumentum,</span> <span class='ocrx_word' id='word_1_221' title='bbox 846 2730 911 2797; x_wconf 89' lang='lat' dir='ltr'>quc</span> <span class='ocrx_word' id='word_1_222' title='bbox 946 2731 1029 2776; x_wconf 91' lang='lat' dir='ltr'>usus</span> <span class='ocrx_word' id='word_1_223' title='bbox 1064 2709 1152 2776; x_wconf 86' lang='lat' dir='ltr'>Setti</span> <span class='ocrx_word' id='word_1_224' title='bbox 1183 2709 1247 2776; x_wconf 89' lang='lat' dir='ltr'>hcc</span> <span class='ocrx_word' id='word_1_225' title='bbox 1281 2731 1413 2796; x_wconf 89' lang='lat' dir='ltr'>quoque</span> 
     </span>
     <span class='ocr_line' id='line_1_26' title="bbox 131 2805 1414 2895; baseline 0.001 -23"><span class='ocrx_word' id='word_1_226' title='bbox 131 2805 360 2890; x_wconf 86' lang='lat' dir='ltr'>fragmentum</span> <span class='ocrx_word' id='word_1_227' title='bbox 377 2828 395 2872; x_wconf 92' lang='lat' dir='ltr'>e</span> <span class='ocrx_word' id='word_1_228' title='bbox 412 2807 654 2873; x_wconf 88' lang='lat' dir='ltr'>Periciromena</span> <span class='ocrx_word' id='word_1_229' title='bbox 674 2811 846 2895; x_wconf 89' lang='lat' dir='ltr'>sumptum</span> <span class='ocrx_word' id='word_1_230' title='bbox 871 2828 944 2873; x_wconf 91' lang='lat' dir='ltr'>esse</span> <span class='ocrx_word' id='word_1_231' title='bbox 964 2808 1129 2894; x_wconf 89' lang='lat' dir='ltr'>probaret.</span> <span class='ocrx_word' id='word_1_232' title='bbox 1175 2807 1414 2890; x_wconf 81' lang='lat' dir='ltr'>Fragmentum</span> 
     </span>
     <span class='ocr_line' id='line_1_27' title="bbox 131 2903 664 2992; baseline 0.004 -22"><span class='ocrx_word' id='word_1_233' title='bbox 131 2925 211 2971; x_wconf 90' lang='lat' dir='ltr'>uero</span> <span class='ocrx_word' id='word_1_234' title='bbox 237 2904 302 2969; x_wconf 79' lang='grc'>574</span> <span class='ocrx_word' id='word_1_235' title='bbox 325 2903 365 2971; x_wconf 91' lang='lat' dir='ltr'><strong>K.</strong></span> <span class='ocrx_word' id='word_1_236' title='bbox 382 2903 464 2970; x_wconf 78' lang='lat' dir='ltr'>OAF</span> <span class='ocrx_word' id='word_1_237' title='bbox 486 2905 531 2970; x_wconf 91' lang='lat' dir='ltr'>III</span> <span class='ocrx_word' id='word_1_238' title='bbox 552 2928 583 2992; x_wconf 95' lang='lat' dir='ltr'><strong>p.</strong></span> <span class='ocrx_word' id='word_1_239' title='bbox 602 2906 664 2973; x_wconf 81' lang='grc'>175</span> 
     </span>
    </p>

    <p class='ocr_par' dir='ltr' id='par_1_8' title="bbox 346 3005 1081 3089">
     <span class='ocr_line' id='line_1_28' title="bbox 346 3005 1081 3089; baseline 0.004 -22"><span class='ocrx_word' id='word_1_240' title='bbox 346 3006 376 3067; x_wconf 86' lang='grc' dir='ltr'>εἶ</span> <span class='ocrx_word' id='word_1_241' title='bbox 395 3005 449 3067; x_wconf 78' lang='grc' dir='ltr'>καὶ</span> <span class='ocrx_word' id='word_1_242' title='bbox 472 3005 587 3087; x_wconf 80' lang='grc' dir='ltr'><strong><em>σφόδρ’</em></strong></span> <span class='ocrx_word' id='word_1_243' title='bbox 605 3007 715 3087; x_wconf 79' lang='grc' dir='ltr'><strong><em>ἀλγεῖς,</em></strong></span> <span class='ocrx_word' id='word_1_244' title='bbox 739 3006 846 3089; x_wconf 79' lang='grc' dir='ltr'><strong><em>μηδὲν</em></strong></span> <span class='ocrx_word' id='word_1_245' title='bbox 869 3007 1081 3089; x_wconf 62' lang='grc' dir='ltr'><strong><em>ἠρεθισμένος</em></strong></span> 
     </span>
    </p>

    <p class='ocr_par' dir='ltr' id='par_1_9' title="bbox 345 3103 1223 3187">
     <span class='ocr_line' id='line_1_29' title="bbox 345 3103 1223 3187; baseline 0.005 -23"><span class='ocrx_word' id='word_1_246' title='bbox 345 3104 481 3186; x_wconf 87' lang='grc' dir='ltr'><strong><em>πράξηις</em></strong></span> <span class='ocrx_word' id='word_1_247' title='bbox 504 3109 678 3185; x_wconf 85' lang='grc' dir='ltr'><strong><em>προπετῶς.</em></strong></span> <span class='ocrx_word' id='word_1_248' title='bbox 703 3103 801 3186; x_wconf 83' lang='grc' dir='ltr'><strong><em>ὀργῆς</em></strong></span> <span class='ocrx_word' id='word_1_249' title='bbox 824 3104 885 3187; x_wconf 82' lang='grc' dir='ltr'>γὰρ</span> <span class='ocrx_word' id='word_1_250' title='bbox 909 3104 1074 3185; x_wconf 82' lang='grc' dir='ltr'><strong><em>ἀλογίστου</em></strong></span> <span class='ocrx_word' id='word_1_251' title='bbox 1098 3111 1223 3186; x_wconf 88' lang='grc' dir='ltr'><strong><em>κρατεῖν</em></strong></span> 
     </span>
    </p>

    <p class='ocr_par' dir='ltr' id='par_1_10' title="bbox 132 3200 1413 3579">
     <span class='ocr_line' id='line_1_30' title="bbox 347 3200 1137 3284; baseline 0.001 -20"><span class='ocrx_word' id='word_1_252' title='bbox 347 3202 380 3264; x_wconf 83' lang='grc' dir='ltr'>ἒν</span> <span class='ocrx_word' id='word_1_253' title='bbox 402 3207 468 3271; x_wconf 90' lang='grc' dir='ltr'><strong><em>ταῖς</em></strong></span> <span class='ocrx_word' id='word_1_254' title='bbox 490 3207 643 3283; x_wconf 89' lang='grc' dir='ltr'><strong><em>ταραχαῖς</em></strong></span> <span class='ocrx_word' id='word_1_255' title='bbox 664 3201 797 3283; x_wconf 85' lang='grc' dir='ltr'><strong><em>μάλιστα</em></strong></span> <span class='ocrx_word' id='word_1_256' title='bbox 820 3200 874 3264; x_wconf 91' lang='grc' dir='ltr'><strong><em>τδν</em></strong></span> <span class='ocrx_word' id='word_1_257' title='bbox 898 3208 1063 3284; x_wconf 80' lang='grc' dir='ltr'><strong><em>φρονοῦτα</em></strong></span> <span class='ocrx_word' id='word_1_258' title='bbox 1087 3201 1137 3265; x_wconf 88' lang='grc' dir='ltr'>δεῖ</span> 
     </span>
     <span class='ocr_line' id='line_1_31' title="bbox 132 3296 1413 3383; baseline 0.002 -23"><span class='ocrx_word' id='word_1_259' title='bbox 132 3298 310 3383; x_wconf 88' lang='lat' dir='ltr'>propterea</span> <span class='ocrx_word' id='word_1_260' title='bbox 340 3296 417 3363; x_wconf 91' lang='lat' dir='ltr'>huic</span> <span class='ocrx_word' id='word_1_261' title='bbox 451 3296 587 3363; x_wconf 82' lang='lat' dir='ltr'>fabulae</span> <span class='ocrx_word' id='word_1_262' title='bbox 621 3296 789 3362; x_wconf 89' lang='lat' dir='ltr'>uindicare</span> <span class='ocrx_word' id='word_1_263' title='bbox 823 3296 936 3379; x_wconf 86' lang='lat' dir='ltr'>nolim,</span> <span class='ocrx_word' id='word_1_264' title='bbox 969 3297 1067 3383; x_wconf 87' lang='lat' dir='ltr'>qued,</span> <span class='ocrx_word' id='word_1_265' title='bbox 1105 3319 1179 3363; x_wconf 91' lang='lat' dir='ltr'>cum</span> <span class='ocrx_word' id='word_1_266' title='bbox 1214 3297 1278 3363; x_wconf 89' lang='lat' dir='ltr'>hac</span> <span class='ocrx_word' id='word_1_267' title='bbox 1309 3297 1350 3362; x_wconf 92' lang='lat' dir='ltr'>de</span> <span class='ocrx_word' id='word_1_268' title='bbox 1378 3319 1413 3364; x_wconf 92' lang='lat' dir='ltr'>re</span> 
     </span>
     <span class='ocr_line' id='line_1_32' title="bbox 134 3393 1411 3480; baseline 0.002 -22"><span class='ocrx_word' id='word_1_269' title='bbox 134 3397 280 3479; x_wconf 78' lang='grc' dir='ltr'><strong><em>(πράξηις</em></strong></span> <span class='ocrx_word' id='word_1_270' title='bbox 302 3400 478 3479; x_wconf 82' lang='grc' dir='ltr'><strong><em>προπετῶς)</em></strong></span> <span class='ocrx_word' id='word_1_271' title='bbox 514 3415 579 3480; x_wconf 92' lang='lat' dir='ltr'>quo</span> <span class='ocrx_word' id='word_1_272' title='bbox 611 3393 709 3460; x_wconf 88' lang='lat' dir='ltr'>modo</span> <span class='ocrx_word' id='word_1_273' title='bbox 742 3396 855 3460; x_wconf 88' lang='lat' dir='ltr'>actum</span> <span class='ocrx_word' id='word_1_274' title='bbox 886 3394 972 3460; x_wconf 86' lang='lat' dir='ltr'>site</span> <span class='ocrx_word' id='word_1_275' title='bbox 1004 3398 1117 3461; x_wconf 83' lang='lat' dir='ltr'>cartae</span> <span class='ocrx_word' id='word_1_276' title='bbox 1142 3417 1172 3463; x_wconf 92' lang='lat' dir='ltr'>u.</span> <span class='ocrx_word' id='word_1_277' title='bbox 1189 3395 1233 3461; x_wconf 86' lang='lat'>42</span> <span class='ocrx_word' id='word_1_278' title='bbox 1257 3395 1411 3478; x_wconf 83' lang='lat' dir='ltr'>sciamus,</span> 
     </span>
     <span class='ocr_line' id='line_1_33' title="bbox 134 3491 1290 3579; baseline 0.003 -23"><span class='ocrx_word' id='word_1_279' title='bbox 134 3491 276 3558; x_wconf 89' lang='lat' dir='ltr'>alteram</span> <span class='ocrx_word' id='word_1_280' title='bbox 299 3512 457 3558; x_wconf 88' lang='lat' dir='ltr'>scaenam</span> <span class='ocrx_word' id='word_1_281' title='bbox 481 3515 548 3579; x_wconf 89' lang='lat' dir='ltr'>qua</span> <span class='ocrx_word' id='word_1_282' title='bbox 571 3492 612 3559; x_wconf 89' lang='lat' dir='ltr'>de</span> <span class='ocrx_word' id='word_1_283' title='bbox 637 3492 754 3559; x_wconf 90' lang='lat' dir='ltr'>eadem</span> <span class='ocrx_word' id='word_1_284' title='bbox 777 3514 812 3559; x_wconf 91' lang='lat' dir='ltr'>re</span> <span class='ocrx_word' id='word_1_285' title='bbox 836 3493 941 3559; x_wconf 93' lang='lat' dir='ltr'>uerba</span> <span class='ocrx_word' id='word_1_286' title='bbox 963 3492 1052 3560; x_wconf 87' lang='lat' dir='ltr'>fiant</span> <span class='ocrx_word' id='word_1_287' title='bbox 1075 3514 1143 3559; x_wconf 91' lang='lat' dir='ltr'>non</span> <span class='ocrx_word' id='word_1_288' title='bbox 1165 3494 1290 3560; x_wconf 88' lang='lat' dir='ltr'>inueni.</span> 
     </span>
    </p>
   </div>
   <div class='ocr_carea' id='block_1_4' title="bbox 609 3777 933 3954">
    <p class='ocr_par' dir='ltr' id='par_1_11' title="bbox 609 3777 933 3954">
     <span class='ocr_line' id='line_1_34' title="bbox 609 3777 933 3954; baseline 0.015 -5"><span class='ocrx_word' id='word_1_289' title='bbox 609 3777 933 3954; x_wconf 49' lang='lat' dir='ltr'>dimidium.</span> 
     </span>
    </p>
   </div>
   <div class='ocr_carea' id='block_1_5' title="bbox 133 3995 1415 4422">
    <p class='ocr_par' dir='ltr' id='par_1_12' title="bbox 1015 3995 1240 4078">
     <span class='ocr_line' id='line_1_35' title="bbox 1015 3995 1240 4078; baseline 0 -21"><span class='ocrx_word' id='word_1_290' title='bbox 1015 3995 1074 4058; x_wconf 84' lang='grc' dir='ltr'>οὐκ</span> <span class='ocrx_word' id='word_1_291' title='bbox 1098 3996 1240 4078; x_wconf 79' lang='grc' dir='ltr'><strong><em>ἔμβαρον</em></strong></span> 
     </span>
    </p>

    <p class='ocr_par' dir='ltr' id='par_1_13' title="bbox 133 4085 1415 4422">
     <span class='ocr_line' id='line_1_36' title="bbox 498 4085 1238 4178; baseline 0 -23"><span class='ocrx_word' id='word_1_292' title='bbox 498 4093 527 4155; x_wconf 83' lang='grc' dir='ltr'>εἰ</span> <span class='ocrx_word' id='word_1_293' title='bbox 547 4093 697 4175; x_wconf 80' lang='grc' dir='ltr'><strong><em>ἔμβαρος.</em></strong></span> <span class='ocrx_word' id='word_1_294' title='bbox 722 4085 935 4178; x_wconf 80' lang='grc' dir='ltr'><strong><em>ἀρχαῖσμδ&lt;ς&gt;</em></strong></span> <span class='ocrx_word' id='word_1_295' title='bbox 960 4088 1053 4162; x_wconf 83' lang='grc' dir='ltr'><strong><em>οὗτος</em></strong></span> <span class='ocrx_word' id='word_1_296' title='bbox 1076 4094 1238 4176; x_wconf 83' lang='grc' dir='ltr'><strong><em>ῥημάτων.</em></strong></span> 
     </span>
     <span class='ocr_line' id='line_1_37' title="bbox 239 4229 1413 4320; baseline 0.003 -25"><span class='ocrx_word' id='word_1_297' title='bbox 239 4229 385 4296; x_wconf 89' lang='lat' dir='ltr'>Lexicon</span> <span class='ocrx_word' id='word_1_298' title='bbox 409 4230 558 4298; x_wconf 85' lang='lat' dir='ltr'>Sabbait.</span> <span class='ocrx_word' id='word_1_299' title='bbox 586 4232 693 4314; x_wconf 77' lang='grc'><strong>1816</strong></span> <span class='ocrx_word' id='word_1_300' title='bbox 738 4231 842 4318; x_wconf 76' lang='lat' dir='ltr'>Koclr,</span> <span class='ocrx_word' id='word_1_301' title='bbox 866 4233 928 4300; x_wconf 86' lang='lat' dir='ltr'><strong>Rh.</strong></span> <span class='ocrx_word' id='word_1_302' title='bbox 956 4232 998 4298; x_wconf 93' lang='lat' dir='ltr'><strong>M.</strong></span> <span class='ocrx_word' id='word_1_303' title='bbox 1022 4232 1076 4316; x_wconf 81' lang='grc'>48,</span> <span class='ocrx_word' id='word_1_304' title='bbox 1111 4233 1195 4300; x_wconf 81' lang='grc'><strong>1893</strong></span> <span class='ocrx_word' id='word_1_305' title='bbox 1230 4254 1260 4319; x_wconf 88' lang='lat' dir='ltr'><strong>p.</strong></span> <span class='ocrx_word' id='word_1_306' title='bbox 1285 4233 1350 4299; x_wconf 85' lang='grc'>588</span> <span class='ocrx_word' id='word_1_307' title='bbox 1366 4255 1413 4320; x_wconf 91' lang='lat' dir='ltr'>sq.</span> 
     </span>
     <span class='ocr_line' id='line_1_38' title="bbox 133 4328 1415 4422; baseline 0.004 -30"><span class='ocrx_word' id='word_1_308' title='bbox 133 4328 324 4413; x_wconf 88' lang='grc' dir='ltr'><strong><em>Μένανδρος</em></strong></span> <span class='ocrx_word' id='word_1_309' title='bbox 348 4330 574 4414; x_wconf 75' lang='grc' dir='ltr'><strong><em>Ῥαπιζομένην</em></strong></span> <span class='ocrx_word' id='word_1_310' title='bbox 598 4330 655 4411; x_wconf 83' lang='lat' dir='ltr'>(sic</span> <span class='ocrx_word' id='word_1_311' title='bbox 678 4352 736 4417; x_wconf 88' lang='lat' dir='ltr'>pro</span> <span class='ocrx_word' id='word_1_312' title='bbox 756 4332 985 4416; x_wconf 70' lang='grc' dir='ltr'><strong><em>Ῥαπιζομένηι)</em></strong></span> <span class='ocrx_word' id='word_1_313' title='bbox 1010 4351 1037 4396; x_wconf 81' lang='grc' dir='ltr'>θ.</span> <span class='ocrx_word' id='word_1_314' title='bbox 1054 4353 1082 4418; x_wconf 93' lang='lat' dir='ltr'><strong>q.</strong></span> <span class='ocrx_word' id='word_1_315' title='bbox 1100 4353 1124 4398; x_wconf 86' lang='lat' dir='ltr'><strong>S.</strong></span> <span class='ocrx_word' id='word_1_316' title='bbox 1149 4335 1209 4396; x_wconf 85' lang='grc' dir='ltr'>οὐκ</span> <span class='ocrx_word' id='word_1_317' title='bbox 1235 4329 1415 4422; x_wconf 80' lang='grc' dir='ltr'><strong><em>ἔμβαρο&lt;ς&gt;</em></strong></span> 
     </span>
    </p>
   </div>
   <div class='ocr_carea' id='block_1_6' title="bbox 133 4505 1415 4657">
    <p class='ocr_par' dir='ltr' id='par_1_14' title="bbox 133 4505 1415 4657">
     <span class='ocr_line' id='line_1_39' title="bbox 241 4505 1415 4580; baseline 0.004 -22"><span class='ocrx_word' id='word_1_318' title='bbox 241 4506 260 4575; x_wconf 81' lang='lat'>¹)</span> <span class='ocrx_word' id='word_1_319' title='bbox 278 4505 375 4577; x_wconf 88' lang='lat' dir='ltr'>Neque</span> <span class='ocrx_word' id='word_1_320' title='bbox 399 4508 434 4561; x_wconf 84' lang='lat' dir='ltr'>ab</span> <span class='ocrx_word' id='word_1_321' title='bbox 460 4506 514 4561; x_wconf 87' lang='lat' dir='ltr'>hac</span> <span class='ocrx_word' id='word_1_322' title='bbox 532 4507 675 4562; x_wconf 80' lang='lat' dir='ltr'>sententia</span> <span class='ocrx_word' id='word_1_323' title='bbox 703 4507 845 4575; x_wconf 85' lang='lat' dir='ltr'>abhorret,</span> <span class='ocrx_word' id='word_1_324' title='bbox 874 4508 950 4580; x_wconf 90' lang='lat' dir='ltr'>qnod</span> <span class='ocrx_word' id='word_1_325' title='bbox 968 4507 1062 4579; x_wconf 85' lang='lat' dir='ltr'>paullo</span> <span class='ocrx_word' id='word_1_326' title='bbox 1081 4511 1148 4579; x_wconf 85' lang='lat' dir='ltr'>post</span> <span class='ocrx_word' id='word_1_327' title='bbox 1166 4507 1249 4564; x_wconf 88' lang='lat' dir='ltr'>Doris</span> <span class='ocrx_word' id='word_1_328' title='bbox 1268 4509 1302 4574; x_wconf 91' lang='lat' dir='ltr'>ei,</span> <span class='ocrx_word' id='word_1_329' title='bbox 1330 4514 1363 4563; x_wconf 87' lang='lat' dir='ltr'>ut</span> <span class='ocrx_word' id='word_1_330' title='bbox 1386 4508 1415 4563; x_wconf 91' lang='lat' dir='ltr'>in</span> 
     </span>
     <span class='ocr_line' id='line_1_40' title="bbox 133 4587 814 4657; baseline 0.003 -16"><span class='ocrx_word' id='word_1_331' title='bbox 133 4587 254 4655; x_wconf 84' lang='lat' dir='ltr'>gratiam</span> <span class='ocrx_word' id='word_1_332' title='bbox 274 4602 338 4640; x_wconf 88' lang='lat' dir='ltr'>cum</span> <span class='ocrx_word' id='word_1_333' title='bbox 356 4587 510 4644; x_wconf 88' lang='lat' dir='ltr'>Polemone</span> <span class='ocrx_word' id='word_1_334' title='bbox 529 4587 634 4653; x_wconf 85' lang='lat' dir='ltr'>redeat,</span> <span class='ocrx_word' id='word_1_335' title='bbox 653 4587 814 4657; x_wconf 88' lang='lat' dir='ltr'>persuadet.</span> 
     </span>
    </p>
   </div>
   <div class='ocr_carea' id='block_1_7' title="bbox 0 0 1559 4956">
    <p class='ocr_par' dir='ltr' id='par_1_15' title="bbox 0 0 1559 4956">
     <span class='ocr_line' id='line_1_41' title="bbox 0 0 1559 4956; baseline 0 0"><span class='ocrx_word' id='word_1_336' title='bbox 0 0 1559 4956; x_wconf 95' lang='lat' dir='ltr'> </span> 
     </span>
    </p>
   </div>
  </div>
 </body>
</html>
