3098 4956
651 241 896 306 -111-

132 419 210 485 adn.
231 416 309 485 101³.
356 417 483 485 Deinde
514 440 630 485 uocem
661 422 753 485 πότοι
776 418 994 485 Menandrum
1027 420 1066 485 de
1099 421 1260 486 conuiuiis
1292 421 1415 487 dixisse

133 518 232 583 testis
261 521 314 583 est
337 517 535 582 Ammonius
558 540 587 604 p.
605 519 669 584 118
694 521 747 599 (=
773 516 837 583 114
859 516 987 600 Valck.)
1018 520 1115 590 πότος
1145 521 1333 603 βαρυτόνως
1362 522 1416 584 καὶ

132 616 232 687 ποιὸς
255 617 418 689 ὀξυτόνως
441 617 591 700 διαφέρει.
622 617 719 688 πότος
741 617 800 700 μὲν
824 618 885 699 γάρ
909 619 971 681 ἒστι
986 618 1173 700 βαρυτόνως
1187 617 1223 681 τὸ
1240 618 1416 700 συμπόσιον

133 715 182 785 ὡς
205 714 399 797 Μένανδρος
422 715 523 779 ’πότοι
546 722 693 798 συνεχεῖς,
717 717 824 799 κύβοι’
849 714 886 780 ir.
903 713 969 778 914
980 712 1019 780 K.
1044 712 1125 778 OAF
1148 713 1191 778 III
1214 734 1243 799 p.
1260 713 1327 778 238
1350 734 1415 800 quo

134 831 211 877 oum
233 809 306 876 loeo
331 809 370 876 of.
393 808 431 876 fr.
448 809 514 876 554
524 810 564 877 Κ.
588 811 669 877 OAF
692 811 736 877 III
758 833 788 898 p.
806 810 870 876 169

348 928 408 991 οὐκ
432 929 468 991 ἐκ
490 929 600 992 πότων
622 929 676 992 καὶ
697 936 753 1012 τῆς
776 929 854 992 καθ’
881 930 1003 1011 ἡμέραν
1025 935 1149 1012 τρυφῆς

349 1027 506 1109 ζητοῦμεν
530 1024 570 1090 ὧι
592 1028 799 1109 πιστεύσομεν
821 1026 858 1090 τὰ
881 1033 937 1090 τοῦ
960 1028 1041 1110 βίου.

131 1135 204 1205 Νοο
226 1160 295 1205 non
317 1139 383 1205 iuit
404 1138 523 1206 fabula
537 1140 644 1212 Πότος
659 1139 841 1206 Alexandri
863 1143 984 1226 poetae
1009 1140 1123 1207 oomioi
1139 1140 1221 1207 OAF
1236 1141 1280 1206 III
1295 1164 1325 1229 p.
1342 1140 1416 1208 372.

132 1238 286 1324 Denique
311 1237 351 1302 de
375 1257 458 1303 uooe
480 1245 595 1322 κῶμος
610 1259 711 1325 quam
726 1237 947 1304 Menandrum
964 1260 1143 1324 usurpasse
1160 1239 1270 1304 adhue
1284 1259 1353 1305 non
1369 1239 1417 1304 in·

131 1337 292 1401 notuerat
304 1334 439 1400 uberius
452 1333 614 1422 disputari
625 1356 693 1401 non
706 1357 790 1422 opus
802 1340 865 1402 est:
879 1335 1077 1403 eiWeleker
1088 1336 1123 1402 in
1136 1337 1288 1403 Friderioi
1299 1336 1416 1404 Iaeobs

131 1431 281 1498 editione
304 1432 500 1498 Philostrati
522 1455 551 1520 p.
568 1435 633 1500 202
647 1455 715 1520 sqq.
763 1433 870 1514 Quam
900 1455 1018 1500 uocem
1049 1455 1202 1501 annuae
1226 1435 1416 1501 comoediae

131 1529 281 1596 dictione
305 1530 440 1596 minime
464 1552 538 1598 esse
555 1531 699 1598 alienam
715 1531 889 1616 intelleges
906 1553 948 1598 ex
964 1531 1112 1618 Apollod
1130 1531 1200 1599 Gar.
1216 1531 1255 1598 fr.
1272 1533 1302 1616 5,
1312 1533 1356 1599 20
1369 1553 1416 1619 sq.

130 1628 174 1696 K.
198 1628 280 1695 OAF
302 1628 346 1693 111
368 1649 398 1714 p.
415 1629 481 1694 282

700 1731 811 1803 ἐξιέναι
833 1729 907 1801 τοὺς
930 1732 1044 1801 ἱππέας

348 1827 399 1890 ἐπὶ
420 1833 535 1910 κῶμον
558 1829 601 1898 εἷς
623 1827 788 1911 Κόρινθον
812 1830 933 1911 ἡμέρας
957 1828 1042 1892 δέκα.

131 1920 177 1987 of.
190 1921 303 1988 Plauti
318 1921 408 1989 loeos
425 1924 546 2009 quibus
562 1924 801 1990 ‘comissatum’
818 1924 938 2008 legitur
953 1923 1050 1990 Most
1067 1925 1141 2007 317,
1157 1924 1222 1990 335
1245 1924 1334 1990 Pera.
1350 1923 1416 1990 568

128 2017 216 2086 Rud.
244 2019 328 2086 1422
352 2020 452 2087 Stich.
476 2023 550 2089 775.

747 2306 801 2372 XI.

690 2433 861 2496 ΦΑΣΜΑ.

1051 2554 1254 2644 [Διο]νυσίων

854 2682 999 2746 ἐπιτελεῖν
1022 2648 1255 2767 συλλαμβάνηις

801 2831 820 2870 ν
842 2808 982 2890 νυμφίον
1005 2807 1121 2872 σαυτὸν
1144 2807 1254 2891 φρόνει

774 2928 844 3031 τῆ]ς
865 2934 1031 3015 παρθένου
1055 2933 1111 3016 τὴν
1133 2898 1254 3016 μητέρα

370 3054 399 3119 5.
763 3078 841 3138 ερωι
863 3063 954 3120 τοῦτο
978 3058 1178 3140 ὀμομητρίωι
1200 3060 1258 3121 τινί

716 3179 762 3262 μὴ
786 3180 953 3262 παραόῶις
975 3180 1057 3264 πρὸς
1078 3187 1143 3245 τῶν
1165 3182 1255 3245 θεῶν

437 3300 611 3389 [πρόφασιν
633 3301 728 3405 world
752 3311 869 3404 σαυτοό
892 3305 1053 3388 μηδεμίαν
1076 3306 1161 3369 οὕτω
1184 3306 1255 3369 πόει

791 3435 867 3493 οῦτο
889 3431 919 3492 τί
940 3429 1000 3512 γὰρ
1024 3431 1064 3494 ἅν
1086 3455 1130 3501 τις
1153 3430 1255 3495 πάθοι

242 3656 355 3724 Edidit
385 3658 449 3723 hoo
477 3657 704 3742 fragmentum
727 3660 894 3726 Iemstedt
922 3659 958 3725 in
988 3659 1070 3726 libro
1093 3660 1278 3726 Russorum
1301 3659 1415 3743 lingu'a

132 3782 321 3868 oonseripto
352 3804 382 3869 p.
406 3782 467 3849 151
481 3804 561 3869 sqq.,
585 3804 686 3870 quem
709 3786 748 3849 ut
771 3783 896 3850 adirem
918 3784 1074 3852 Frideriei
1096 3784 1191 3850 Marx
1213 3783 1415 3852 liberalitate

131 3911 171 3972 et
194 3907 406 3973 humanitate
422 3907 503 3974 mihi
519 3908 666 3991 contigit.
705 3930 735 3975 u.
755 3909 840 3973 1-8
864 3908 906 3974 ab
924 3909 971 3974 eis
988 3910 1044 3995 qui
1060 3912 1246 3995 sequuntur
1261 3909 1415 3975 uersibus

132 4032 269 4097 omnino
294 4053 367 4097 esse
392 4033 519 4099 alienos
542 4033 749 4116 argumentis
774 4033 856 4098 satis
879 4032 986 4098 firmis
1005 4053 1073 4098 non
1088 4032 1227 4118 prolatis
1244 4032 1415 4100 contendit

133 4154 238 4238 Kook,
273 4156 334 4223 Rh.
357 4156 399 4223 M.
421 4157 476 4240 48,
502 4158 588 4225 1893
612 4180 642 4245 p.
658 4159 723 4225 229
736 4179 805 4245 sqq.
852 4156 1093 4244 Supplementa
1123 4179 1208 4245 quae
1240 4180 1271 4224 u.
1292 4160 1321 4224 1.
1342 4159 1372 4224 4.
1394 4161 1413 4223 7

133 4283 320 4367 recepimus
343 4258 509 4349 lernstedt
538 4284 718 4370 proposuit.
764 4282 902 4349 Punetis
934 4282 1114 4368 suppositis
1137 4284 1332 4349 notauimus
1356 4304 1414 4350 eas

139 4404 277 4488 litteras,
304 4428 387 4492 quas
410 4407 445 4472 in
468 4407 586 4473 tabula
608 4428 638 4493 p.
657 4407 720 4473 152
744 4407 787 4473 ab
810 4406 865 4472 illo
890 4405 1022 4473 adiecta
1044 4428 1101 4493 pro
1118 4410 1207 4473 eerto
1223 4428 1292 4473 non
1308 4428 1413 4491 agno-

129 4548 253 4597 urmua
