3098 4956
657 312 702 321 -
747 274 791 339 50
835 312 879 322 ..

130 451 215 518 Men.
239 451 276 517 fr.
293 452 358 518 606
368 451 408 517 K.
434 452 515 517 OAF
530 451 573 516 III
596 474 626 537 p.
646 452 708 517 183
816 452 851 516 τὸ
877 452 951 517 δἐὖ
975 454 1083 535 φέρειν

386 554 466 615 ἔστιν
489 558 640 625 τοιοῦτον,
664 555 703 614 ἂν
728 552 819 633 δύνηι
842 551 943 633 μόνος
966 553 1083 633 φέρειν,

385 650 439 712 καί
461 649 507 732 μὴ
531 651 675 732 ’πίδηλον
697 650 753 732 τὴν
776 650 875 732 τύχην
897 650 1026 719 πολλοῖς
1048 655 1150 730 ποῆις.

128 744 214 811 Men.
229 743 267 810 fr.
284 744 351 812 674
358 744 396 812 K.
414 745 496 811 OAF
511 746 555 810 ΠΙ
577 768 608 831 p.
625 746 690 812 196
714 748 775 810 οὐκ
792 747 871 829 ε’μδν
887 748 1023 829 ἀνοίγειν
1039 747 1265 811 λανθάνουσαν
1282 749 1410 830 ἀτυχίαν

714 847 774 908 ἔστ’
799 845 876 908 ἀλλὰ
907 846 1027 927 μᾶλλον
1055 845 1305 909 κατακαλύπτειν
1329 847 1410 928 φημί

709 944 781 1006 δεῖν.

128 1036 277 1124 Apollod.
302 1037 372 1103 Gar.
395 1037 432 1104 fr.
450 1038 558 1116 5,6Κ.
584 1038 665 1104 OAF
680 1038 723 1104 Ill
746 1061 777 1125 p.
793 1039 858 1104 281
882 1042 911 1102 τί
924 1040 959 1103 τὸ
975 1040 1078 1104 κακόν
1101 1043 1172 1104 ποτ’
1189 1044 1209 1123 ἢ
1226 1041 1256 1103 τί
1268 1040 1411 1123 τάγαθὸν

341 1139 402 1201 ἔστ’
427 1139 595 1219 ἀγνοοῦσα.

130 1232 258 1321 Orobyl.
281 1232 319 1298 fr.
336 1234 405 1300 9K.
433 1234 513 1300 OAF
529 1233 572 1298 III
596 1256 625 1320 p.
642 1234 704 1301 381
821 1237 967 1318 τράγημα
991 1236 1026 1299 δὲ

343 1335 424 1397 ἔστιν
447 1334 590 1416 πιθήκου
614 1340 705 1397 τοῦτο
730 1335 835 1417 δήπου
860 1335 1043 1416 δυστυχοῦς.

128 1429 219 1494 Idem
253 1430 368 1494 autem
403 1431 454 1494 uir
485 1433 603 1497 doctus
635 1429 675 1495 de
711 1434 758 1496 eis
790 1432 846 1516 qui
880 1432 1067 1515 sequuntur
1100 1430 1254 1496 uersibus
1278 1430 1409 1497 68-71

128 1527 213 1592 haec
229 1524 309 1593 dicit
324 1526 400 1592 adn.
420 1527 460 1592 12
483 1549 514 1612 p.
535 1528 610 1594 158:
634 1528 716 1593 ‘Der
731 1528 808 1594 Alte
831 1527 922 1610 fragt
943 1527 1002 1592 ihn
1026 1549 1098 1609 aus,
1122 1527 1154 1591 X
1177 1527 1314 1612 erzahlt,
1340 1528 1411 1594 also

130 1625 232 1692 stand
255 1625 297 1691 69
321 1625 375 1690 ein
390 1625 535 1710 Partizip
559 1627 624 1693 wie
648 1629 868 1710 διερχομένου;
894 1625 978 1690 dazu
1001 1625 1047 1690 ist
1068 1628 1142 1690 τάδε
1167 1624 1312 1711 Subjekt
1335 1625 1412 1693 d.lL

129 1723 198 1805 das,
230 1723 372 1789 wonach
395 1722 446 1788 Kl.
474 1722 606 1808 gelragt
629 1725 735 1790 hatte.
780 1723 842 1789 uin
875 1723 1011 1789 aweites
1029 1723 1185 1809 ¹Partinip
1216 1723 1310 1809 iolgt,
1343 1723 1413 1790 und

129 1841 220 1887 zwar
243 1819 303 1886 das
327 1820 386 1886 des
408 1821 540 1887 Aorists
564 1824 766 1906 ἐμβαλόντος,
799 1820 859 1887 das
883 1820 959 1887 dem
987 1823 1100 1887 ersten
1126 1842 1189 1886 nur
1213 1821 1413 1888 coordiniert

129 1939 287 2002 gowesen
310 1919 382 1984 sein
405 1919 507 2002 kann,
540 1939 603 1985 aus
630 1919 706 1985 dem
729 1919 951 2002 allgemeinen
975 1919 1108 1985 Bericht
1131 1919 1185 1985 ein
1208 1919 1412 1986 besonderes

128 2015 382 2083 hervorhebend
415 2019 488 2101 περὶ
521 2026 576 2101 τῆς
609 2020 750 2102 ἀδελφῆς
785 2019 860 2101 (vgl.
890 2017 973 2083 Xen.
999 2018 1113 2104 Cyrop.
1137 2017 1168 2083 V
1191 2017 1221 2099 5,
1235 2017 1299 2100 43).
1350 2018 1412 2085 Die

129 2115 255 2201 Copula
277 2114 369 2200 lehlt,
394 2116 440 2180 ist
463 2115 534 2181 also
559 2114 778 2198 ausgefallen’
803 2119 839 2181 et
862 2117 992 2202 scripsit

344 2210 572 2301 [διερχολμένου
597 2216 632 2279 δὲ
654 2222 710 2278 τοῦ
734 2218 898 2280 νεανίσκου
921 2211 1018 2302 τ[ά]δε

342 2317 424 2408 [περὶ
446 2317 512 2407 τλῆς
536 2323 676 2405 ἀδελφῆς
690 2317 760 2408 <τ’>
775 2305 968 2405 ἐμβαλόντος
991 2342 1018 2386 e.
1035 2342 1063 2405 q.
1081 2342 1106 2385 S.

129 2417 195 2483 Sed
230 2439 305 2483 cum
344 2417 532 2483 coniunctio
567 2445 599 2483 τε
634 2439 701 2504 qua
736 2420 942 2503 διερχομένου
983 2439 1059 2483 cum
1098 2416 1203 2483 altero
1238 2418 1411 2504 participio

128 2518 324 2582 conectatur
352 2516 455 2582 etiam
485 2517 521 2580 in
552 2538 593 2582 ea
615 2537 733 2582 uersus
757 2516 800 2584 70
823 2520 919 2602 parte
951 2537 1037 2601 quae
1068 2513 1112 2580 ad
1141 2514 1229 2580 hanc
1262 2518 1412 2581 aetatem

128 2635 196 2680 non
219 2615 374 2700 peruenit
397 2614 519 2700 scripta
542 2613 647 2680 fuisse
670 2615 784 2700 possit,
810 2636 832 2679 a
860 2614 1050 2680 coniectura
1073 2615 1214 2697 ἀδελφῆς
1232 2609 1302 2702 (τ’)
1334 2614 1412 2679 abs·

127 2713 298 2778 tineamus
321 2715 357 2777 et
378 2712 559 2777 Henricum
581 2711 669 2777 Weil
700 2712 806 2777 secuti
838 2712 1021 2777 scribamus
1053 2708 1099 2799 [τό
1122 2737 1154 2776 τε
1173 2707 1240 2799 τ]ῆς
1271 2713 1413 2796 ἀδελφῆς

129 2811 330 2894 ἐμβαλόντος.
375 2811 423 2874 At
453 2831 484 2875 u.
508 2809 551 2875 69
579 2810 638 2875 ubi
668 2810 745 2874 ΤΛ
752 2810 786 2873 Ε
816 2808 970 2891 legerunt
1003 2808 1166 2889 Britanni,
1203 2809 1274 2874 sine
1310 2807 1412 2875 dubio

127 2925 247 2992 Kaibel
276 2923 372 3014 r[d]‹le
402 2929 492 2990 recte
516 2925 692 3011 suppleuit
737 2924 853 3010 Neque
887 2924 976 2989 enim
999 2924 1159 2990 Dniatzlro
1190 2922 1237 3013 rlr'}
1263 2926 1298 2990 δὲ
1330 2926 1412 2990 scri-

128 3021 274 3089 bendum
300 3025 334 3088 et
349 3022 538 3110 Myrrhinae
561 3023 624 3089 hoc
647 3022 861 3088 tribuendum
885 3043 958 3088 esse
982 3023 1079 3088 nobis
1103 3025 1278 3108 persuasit.
1325 3022 1412 3089 Nam

129 3121 316 3188 diuerbium
339 3122 402 3187 hoc
429 3120 501 3188 loco
531 3122 709 3187 restituere
739 3124 915 3207 propterea
945 3119 1058 3203 nolim,
1093 3119 1181 3206 quod
1210 3142 1242 3186 u.
1266 3121 1310 3186 ¹75
1341 3122 1412 3207 ipse

129 3241 246 3286 seruus
270 3219 451 3304 longiorem
475 3241 548 3285 sese
572 3220 732 3286 habuisse
756 3219 941 3285 orationem
964 3218 1109 3305 quodam
1133 3218 1230 3284 modo
1252 3218 1411 3286 concedit.

127 3318 198 3384 Iam
229 3340 364 3385 uersum
388 3320 431 3386 70
460 3322 640 3384 exeuntem
662 3317 1202 3383 ΕΜΒΑΛΛΟΝΤΟΣΣΟΥΚΑΙ
1221 3321 1412 3402 corruptum

129 3437 203 3483 esse
233 3437 321 3481 unus
353 3419 492 3502 quisque
524 3417 625 3483 uidet.
677 3417 726 3481 Ac
757 3418 845 3481 recte
876 3415 1010 3500 quidem
1040 3413 1153 3480 Nicole
1183 3417 1225 3478 ut
1254 3418 1412 3499 quartum

128 3514 269 3580 trimetri
291 3513 533 3596 redintegraret
551 3513 669 3598 pedem
693 3515 886 3598 ἐμβαλόντος
909 3512 1049 3596 scripsit.
1085 3511 1151 3577 Sed
1174 3511 1215 3576 de
1231 3512 1415 3577 ΣΟῩΚΑΙ

130 3612 334 3678 dissentiunt
358 3613 419 3676 uiri
443 3609 530 3677 docti
554 3611 592 3675 cl.
608 3631 637 3695 p.
657 3610 697 3674 12
714 3631 787 3696 app.
804 3610 886 3694 erit.;
911 3630 1050 3695 quorum
1071 3613 1185 3675 tamen
1201 3609 1410 3676 coniecturas

128 3710 264 3776 uberius
288 3713 433 3776 tractare
449 3708 584 3773 minime
609 3729 693 3793 opus
710 3710 769 3773 est.
800 3707 886 3773 Nam
904 3708 1061 3793 quoniam
1078 3708 1183 3773 lenior
1197 3706 1240 3772 iit
1256 3710 1409 3791 mutatio,

130 3830 205 3875 cum
227 3829 370 3895 paruum
393 3805 527 3893 aliquod
550 3806 690 3872 uerbum
712 3805 919 3872 intercidisse
935 3826 1037 3892 quam
1054 3827 1129 3872 cum
1144 3825 1248 3870 unam
1264 3804 1411 3871 litteram

130 3910 318 3993 corruptam
342 3928 416 3972 esse
440 3905 634 3970 statuimus:
659 3905 715 3990 qui
738 3907 795 3970 uia
811 3926 850 3971 ac
865 3905 995 3972 ratione
1012 3902 1203 3990 proceditis
1220 3902 1409 3987 Britannos,

130 4007 186 4091 qui
216 4007 303 4071 inter
333 4013 391 4070 σοῦ
423 4007 457 4070 et
487 4006 541 4068 καὶ
570 4004 770 4069 inseruerint
792 4001 868 4092 <τε>,
902 4007 1060 4089 sequetur
1084 4005 1118 4067 et
1141 4021 1277 4066 uersum
1301 4001 1346 4068 70
1366 4001 1412 4066 sic

128 4102 412 4189 interpretabitur,
436 4106 475 4168 ut
491 4123 509 4167 e
526 4102 627 4168 uerbo
644 4104 845 4186 ἐμβαλόντος,
871 4101 958 4187 quod
982 4098 1178 4166 ‘inserendi'
1200 4098 1328 4165 habeat
1344 4099 1411 4164 uim

131 4201 180 4283 (cl.
202 4201 288 4266 Plut.
309 4201 388 4267 Mor.
410 4198 517 4266 334F
547 4203 661 4265 τούτωι
689 4202 717 4264 δ’
749 4203 793 4271 εἴς
816 4224 881 4264 τινα
904 4201 1094 4283 κωμακδίαν
1118 4199 1285 4282 ἐμβαλόντι
1309 4200 1412 4280 στίχον

130 4300 285 4382 αἰτητικὸν
294 4302 425 4382 γελάσας
437 4302 541 4364 ἔδωκε
554 4301 631 4363 δέκα
642 4299 776 4362 τάλαντα
787 4296 876 4362 (lasa.
889 4297 950 4362 Dio
963 4296 1049 4362 LVII
1064 4297 1114 4377 15,
1125 4298 1144 4360 2
1165 4299 1188 4361 t.
1200 4296 1230 4360 Il
1241 4316 1272 4380 p.
1286 4295 1411 4378 572,15

130 4397 327 4463 Boissevain
350 4399 521 4483 βουληθείς
544 4398 692 4480 καὶπερὶ
721 4398 834 4460 τούτου
865 4421 892 4459 τι
922 4397 1027 4478 δόγμα
1054 4402 1181 4477 ποιῆσαι
1204 4395 1366 4460 ἐκώλυσεν
1381 4395 1413 4464 ἐς

130 4496 207 4561 αὐτὸ
237 4497 272 4561 τδ
304 4498 407 4580 ὄνομα
437 4497 473 4560 τὸ
505 4503 560 4560 τοῦ
592 4497 794 4579 ε’μβλήματος
825 4495 872 4566 ὡς
905 4495 959 4558 καί
985 4493 1167 4577 Ἑλληνικόν
1201 4493 1410 4576 ἐμβληθῆναι,

130 4598 230 4660 καίτοι
261 4596 308 4680 μὴ
345 4598 429 4678 ἔχων
465 4596 555 4666 ὅπως
589 4595 769 4677 ἐπιχωρίως
799 4592 876 4658 αὐτὸ
907 4593 1071 4676 δνομάσηι)
1095 4588 1239 4675 pendere
1275 4592 1416 4656 censeat
