3098 4956
723 286 763 294 -·
814 247 879 312 106
931 285 969 294 -

207 432 263 490 τοῦ
287 426 367 490 ante
395 421 560 514 Φιλ<ί>νου
588 425 697 511 posito
720 423 889 490 Philinum
911 425 946 490 in
971 445 1012 490 ea
1033 423 1170 491 fabulae
1195 426 1289 511 parte
1314 444 1402 510 quae
1423 429 1493 492 non

208 523 393 609 comparuit
423 522 634 588 nominatum
667 543 741 588 esse
772 524 898 608 pateat.
949 520 1075 602 Quodsi
1104 520 1193 587 idem
1224 521 1275 587 uir
1305 521 1425 587 doctus
1456 521 1493 590 in

208 623 356 705 ζητητέον
394 618 536 686 offendit
575 624 678 707 atque
713 640 788 685 eum
822 619 974 685 Philinus
1008 618 1115 684 tiliam
1150 619 1317 703 obtulerit,
1353 619 1494 706 nuptias

209 716 420 804 quaerendas
445 739 518 784 esse
542 721 655 801 negat,
679 717 779 784 nimis
794 716 886 783 illam
902 737 1020 783 uocem
1036 717 1171 783 uidetur
1193 717 1363 805 pressisse.
1405 716 1496 784 Nam

207 816 386 900 Pataecus,
412 817 548 903 nuptias
573 838 658 903 quas
686 819 788 882 antea
816 815 980 896 abnuerit,
1012 836 1102 882 nune
1133 819 1313 902 ‘quaerere’
1344 836 1380 882 re
1411 836 1497 881 uera

209 914 347 996 cogitur,
371 914 390 980 i.
408 935 435 980 e.
458 913 626 980 Philinum
651 913 740 980 adire
765 914 902 997 cogitur,
934 913 1054 1000 quippe
1088 915 1144 999 qui
1174 913 1264 1001 quod
1295 917 1369 979 erat
1390 934 1491 999 repu-

207 1010 320 1079 diatus
344 1012 394 1078 ira
416 1013 573 1078 incensus
597 1012 724 1079 abierit.
771 1010 836 1077 Sed
859 1011 987 1077 lubrica
1019 1015 1071 1078 est
1100 1014 1175 1078 tota
1197 1012 1282 1079 haec
1304 1032 1358 1076 res
1375 1031 1494 1096 neque

206 1109 276 1176 ulla
301 1131 342 1176 ex
365 1112 461 1196 parte
484 1113 626 1197 possunt
651 1111 720 1197 peti
743 1112 943 1192 argumenta
965 1109 1050 1176 satis
1073 1130 1204 1194 magna.

315 1208 436 1275 Restat
460 1210 499 1273 ut
515 1206 555 1274 de
572 1229 611 1274 eo
626 1208 816 1292 fragmento
833 1209 949 1294 paucis
966 1207 1169 1274 disseramus
1186 1208 1280 1274 cuius
1297 1207 1492 1275 memoriam

206 1307 386 1373 renouauit
407 1304 537 1389 Nauck,
561 1305 636 1372 Me'l.
662 1306 764 1373 Gr-R.
780 1306 826 1370 VI
843 1306 930 1374 1894
952 1329 982 1393 p.
1002 1306 1078 1372 113:

315 1412 422 1480 Sebol.
446 1413 613 1500 Aristoph.
634 1412 721 1478 Plut.
738 1414 780 1479 35
805 1435 835 1500 p.
856 1413 949 1479 aava
968 1413 1013 1478 44
1035 1412 1173 1478 Diibncr
1203 1415 1237 1478 et
1267 1435 1298 1499 p.
1322 1412 1397 1478 545.
1434 1414 1494 1478 τὸν

208 1512 241 1575 d'
272 1513 454 1577 νῖόν·Ἂντὶ
480 1519 536 1576 τοῦ
559 1513 630 1596 περὶ
659 1519 716 1576 τοῦ
743 1515 816 1577 υἱοῦ
842 1512 989 1583 Ἀττικῶς
1006 1533 1012 1545 ·
1030 1513 1084 1575 καὶ
1113 1512 1306 1595 Μένανδρος
1336 1514 1369 1576 ἓν
1392 1511 1495 1596 Περι-

206 1612 388 1694 κειρσμένηι
419 1610 470 1674 ’τὸ
506 1610 540 1674 δὲ
574 1612 748 1693 κεφάλαιον
782 1612 876 1674 οὔπω
911 1611 1077 1693 λογίζομαι
1110 1610 1165 1674 τὸν
1200 1610 1379 1693 aroucam?
1416 1612 1491 1675 tum

207 1709 393 1792 sequuntur
419 1706 524 1773 uerba
546 1705 645 1793 plane
668 1709 822 1793 corrupta
846 1709 998 1791 γράφεται
1020 1709 1270 1792 προστιθέμενος
1294 1706 1352 1772 οὗν
1375 1710 1495 1773 ἑαυτοῦ

206 1804 276 1870 υἱὸν
307 1806 546 1889 Ἀριστοφάνης,
591 1825 678 1891 quae
713 1825 778 1891 quo
821 1803 919 1870 modo
955 1805 1023 1871 sint
1055 1803 1266 1871 emendanda
1296 1807 1357 1870 aut
1386 1804 1493 1871 inter-

206 1901 371 1988 pretanda
400 1904 522 1969 nescio.
572 1902 641 1969 Nec
671 1923 739 1968 non
769 1905 804 1969 in
835 1902 1009 1968 Menandri
1032 1903 1144 1969 uerbis
1175 1906 1269 1969 οὔπω
1301 1905 1495 1989 corruptum

208 2021 281 2067 esse
298 2000 441 2066 adnotat
455 2001 592 2067 Dribner
615 2021 645 2086 p.
662 2001 727 2066 545
752 2004 787 2067 et
801 2022 890 2066 unus
906 2001 1047 2088 quisque
1063 1999 1165 2085 uidet,
1188 2003 1346 2088 quoniam
1361 2001 1494 2067 numeri

207 2118 274 2164 non
311 2102 391 2164 sunt
426 2098 520 2165 salui.
575 2099 702 2165 Tamen
737 2098 824 2165 duae
860 2100 931 2165 eius
965 2099 1144 2182 fragmenti
1178 2102 1321 2186 possunt
1355 2100 1496 2181 agnosci

206 2198 330 2280 partae,
356 2216 442 2283 quae
467 2196 548 2283 quin
571 2197 721 2279 integrae
746 2199 895 2263 aetatem
918 2196 1058 2262 tulerint
1080 2217 1148 2263 non
1172 2195 1380 2263 dubitaueris

443 2323 478 2385 τὸ
507 2323 542 2386 δὲ
565 2298 738 2405 κεφάλαιον
748 2324 770 2405 ¹)
793 2360 837 2368 —
852 2359 897 2395 ε-
918 2324 953 2386 et

443 2431 642 2539 topicopast)
665 2441 720 2520 τὸν
745 2431 900 2540 ὄε-σπᾶτην

207 2591 349 2657 quarum
365 2570 511 2657 partium
534 2570 698 2658 posterior
720 2570 755 2636 in
779 2592 881 2637 uersu
905 2573 1050 2636 exeunte
1073 2570 1185 2656 posita
1206 2569 1309 2635 luisse
1325 2569 1496 2637 uideatur.

207 2670 318 2755 Atque
354 2667 513 2753 quidnam
544 2668 632 2735 inter
662 2670 725 2734 has
757 2668 842 2734 duas
876 2673 989 2755 partes
1012 2667 1155 2755 perierit,
1187 2670 1299 2734 utrum
1327 2667 1425 2754 plura
1448 2688 1495 2734 an

206 2787 312 2831 unum
351 2765 490 2832 uerbum
526 2765 739 2849 interciderit,
780 2766 952 2832 diiudicari
981 2767 1112 2853 nequit3
1150 2765 1208 2832 sed
1241 2766 1304 2831 hoc
1335 2786 1378 2831 ex
1409 2786 1497 2832 uoce

207 2866 301 2929 οὔπω
336 2865 492 2949 quamuis
527 2864 572 2928 sit
607 2868 761 2950 corrupta
784 2863 1002 2930 manifestum
1026 2866 1080 2930 est
1105 2865 1319 2947 negationem
1343 2863 1495 2949 aliquam

205 2961 241 3025 in
270 2961 452 3048 archetypo
483 2962 641 3048 scriptam
671 2960 785 3027 fuisse.
839 2962 1018 3028 Praeterea
1049 2982 1091 3028 ex
1133 2961 1335 3028 scholiastae
1379 2961 1494 3028 uerbis

206 3060 276 3124 ‘cdv
292 3060 322 3124 δ’
340 3061 433 3125 νῖὸν’.
464 3061 545 3125 ’Auri
566 3067 623 3125 τοῦ
647 3062 734 3144 επερὶ
748 3068 805 3125 τοῦ
822 3063 906 3125 υῑσῦ’
932 3059 968 3124 in
982 3057 1157 3125 Menandri
1172 3060 1244 3126 loco
1262 3060 1317 3125 τὸν
1335 3060 1495 3144 δεσπότην

206 3178 264 3243 pro
288 3159 360 3242 περὶ
381 3166 438 3222 τοῦ
463 3159 617 3224 δεσπότου
647 3160 801 3245 usurpari
823 3157 1006 3241 intelleges
1043 3157 1105 3238 Qui
1127 3156 1220 3224 locus
1238 3159 1284 3223 sic
1299 3156 1369 3223 fere
1385 3158 1493 3224 inter-

206 3254 391 3341 pretandus
408 3259 475 3322 cst:
512 3256 561 3321 ‘id
585 3257 674 3342 quod
691 3259 743 3323 est
759 3257 993 3340 grauissimum
1018 3295 1060 3302 —
1086 3295 1121 3303 -
1136 3292 1181 3303 -
1203 3276 1272 3321 non
1295 3255 1403 3321 —de
1436 3277 1492 3323 ero

208 3351 366 3420 delibero.³
410 3354 523 3440 Atque
539 3353 624 3421 haec
639 3354 744 3421 uerba
760 3375 834 3420 esse
850 3352 1007 3438 mancipii
1022 3353 1172 3438 alicuius,
1190 3352 1279 3440 quod
1295 3352 1336 3419 de
1352 3374 1408 3420 ero
1433 3354 1493 3420 ad·

206 3450 355 3517 iuuando
380 3472 494 3517 secum
521 3455 656 3539 reputet
678 3455 830 3538 apertum
855 3455 915 3518 est.
960 3450 1052 3531 Quae
1076 3452 1181 3518 uerba
1204 3454 1278 3539 quis
1298 3453 1495 3539 pronuntiet

208 3569 284 3615 cum
307 3550 508 3635 quaerimuS,
533 3551 649 3616 statim
673 3550 708 3614 in
731 3552 880 3615 mentem
910 3550 1006 3615 uenit
1039 3550 1171 3616 Doridis
1206 3549 1357 3633 ancillae,
1390 3571 1494 3635 quam

208 3667 340 3713 summa
364 3667 440 3713 cum
463 3646 634 3729 diligentia
656 3646 846 3712 Polemonis
869 3647 983 3714 mthis
1006 3647 1106 3714 rebus
1130 3649 1316 3735 prospicere
1340 3668 1358 3713 e
1379 3651 1494 3714 cartae

206 3766 262 3810 uu.
278 3744 301 3810 4
317 3766 385 3830 sqq.
411 3744 584 3810 didicimus
607 3765 647 3809 ac
670 3765 744 3810 cum
770 3743 912 3833 Glycera
943 3767 1131 3812 sermonem
1155 3747 1196 3812 de
1220 3768 1262 3813 ea
1291 3747 1324 3811 in
1349 3747 1493 3828 gratiam

208 3864 284 3909 cum
319 3842 498 3909 Polemone
532 3842 722 3909 reducenda
755 3843 913 3910 habuisse
937 3867 966 3932 p.
994 3844 1038 3912 87
1066 3843 1282 3911 ostendimus.
1327 3842 1398 3909 Nec
1425 3863 1494 3909 non

208 3963 250 4008 ex
274 3963 315 4008 ea
339 3963 471 4025 scaena,
497 3962 583 4027 quae
599 3941 677 4007 huic
693 3944 836 4008 sermoni
853 3942 1085 4026 antecedebat,
1110 3942 1194 4008 haec
1215 3941 1319 4008 uerba
1333 3940 1494 4008 uidentur

208 4060 281 4105 esse
314 4039 488 4126 criscripta.
539 4041 649 4126 Atque
682 4041 732 4107 ita
762 4042 904 4106 fortasse
936 4063 990 4106 res
1021 4043 1108 4107 inter
1138 4063 1175 4107 se
1207 4043 1422 4126 exceperunt,
1454 4042 1493 4105 ut

207 4137 303 4202 Doris
326 4137 468 4223 primum
493 4159 639 4223 quanam
662 4160 772 4204 rerum
800 4138 992 4204 condicione
1010 4137 1152 4226 Glycera
1178 4138 1347 4205 laboraret
1363 4137 1492 4225 capillis

315 4386 326 4417 1

316 4386 335 4533 2ζ
353 4385 597 4523 bbllvlbvboyflffibss‘l
609 4468 643 4521 K.
672 4467 741 4522 CAF*
756 4468 795 4522 ΠΙ
823 4486 850 4539 p.
868 4467 920 4523 173
944 4467 1029 4519 καίτοι
1056 4468 1085 4519 τί
1106 4465 1244 4536 λογίζομαι
1269 4465 1284 4517 ὁ
1311 4461 1489 4532 κακοδαίμων.

207 4547 241 4603 fr.
255 4545 337 4610 531,9
349 4546 383 4601 Κ.
403 4547 472 4618 ΟΑΕ
484 4548 521 4602 lll
540 4565 566 4619 p.
582 4548 633 4603 155
652 4546 756 4601 οἰστέον
777 4548 884 4617 ἄμεινον
902 4555 986 4600 ταῦτα
1005 4552 1050 4600 καὶ
1068 4545 1211 4617 λογιστέον.
