3098 4956
754 250 978 313 ..28-

222 450 309 516 quae
333 450 401 494 uox
423 427 647 494 usitatissima
670 429 723 492 est
746 425 836 512 apud
859 425 1001 492 comicos
1024 428 1141 512 poetas
1166 427 1203 493 cf.
1220 427 1305 494 Men.
1328 427 1366 494 fr.
1383 428 1448 494 563
1464 429 1499 495 K.

223 527 305 593 GAF
325 527 368 591 ΠΙ
395 548 425 612 p.
449 526 511 590 172
560 524 599 591 ir.
620 524 740 591 8751(
769 524 859 593 UAF.
879 524 923 589 111
946 545 976 610 p.
992 525 1066 590 231.
1120 525 1270 612 Denique
1303 548 1379 592 cum
1410 530 1500 593 εἰπεῖν

222 627 282 690 ὅσα
303 630 418 709 φρονῶ
442 622 666 709 comparanda
683 627 763 688 sunt
779 643 864 709 quae
885 622 975 708 apud
991 622 1187 708 Sophoclem
1202 623 1359 707 leguntur
1374 623 1423 691 ul.
1440 625 1501 692 334

544 732 720 814 δηλώσαιμ’
750 733 797 804 ἄν,
822 732 865 794 ol’
893 733 999 801 αὐτοῖς
1023 737 1145 813 φρονῶ.

221 839 290 904 Iam
330 838 436 924 priore
478 859 510 902 u.
537 837 581 903 28
619 840 714 923 parte
753 836 958 923 Myrrhinam
989 835 1164 902 Philinnae
1198 837 1398 922 respondere
1431 838 1501 904 luce

222 938 275 1002 est
299 936 420 1002 clarius
443 956 486 1000 ex
508 934 589 1021 ipsis
613 934 733 1018 uerbis,
764 955 851 1021 quae
880 934 915 999 in
940 935 1033 999 carta
1064 935 1111 1000 sic
1141 937 1223 1000 sunt
1251 934 1394 1002 tradita:
1425 937 1505 1001 ΙΓΕ

226 1034 600 1100 ΦΙΛΙΝΑΧΑΙΡΕΤΩ.
646 1032 696 1099 Ac
718 1032 920 1098 Robinsonis
951 1030 1031 1097 Ellis
1064 1032 1331 1119 supplementum
1364 1031 1500 1122 [ἔμο]ιγε,

222 1131 311 1217 quod
345 1132 499 1197 Britanni
537 1133 572 1196 et
605 1153 675 1197 van
709 1129 876 1196 Leeuwen
915 1129 1225 1214 comprobauerunt,
1261 1130 1382 1197 Kaibel
1416 1131 1502 1198 Weil

222 1230 383 1296 Dniatnko
400 1227 662 1315 repudiauerunt
685 1231 720 1296 et
744 1227 798 1318 [μὴ
816 1225 938 1317 ο]<ύ>γε
955 1227 1158 1313 scripserunt
1173 1255 1183 1293 ι
1198 1226 1311 1294 littera
1333 1229 1369 1294 in
1387 1257 1408 1296 o
1432 1251 1501 1296 cor-

221 1331 322 1394 recta.
371 1327 472 1394 Cuius
497 1330 703 1393 correcturae
727 1328 962 1409 argumentum
980 1345 1183 1411 quamquam
1207 1347 1275 1392 non
1300 1325 1500 1412 adiecerunt,

220 1447 239 1490 e
262 1447 296 1491 re
320 1425 459 1491 metrica
481 1425 639 1490 uidentur
663 1424 799 1489 duxisse
823 1423 861 1489 cf.
885 1445 971 1509 quae
992 1423 1046 1488 ‘de
1077 1422 1296 1489 incisionibus
1325 1425 1502 1511 anapaesti

220 1524 256 1588 in
286 1523 435 1588 trimetro
468 1523 590 1588 comico
615 1520 826 1588 Graecorum'
856 1522 942 1587 eruit
965 1521 1099 1587 Curtius
1122 1520 1316 1601 Bernhardi,
1340 1523 1414 1588 Act.
1438 1544 1501 1590 soc.

220 1620 331 1706 philol.
359 1620 447 1705 Lips
469 1620 516 1684 12
540 1620 648 1701 (1872)
677 1642 706 1706 p.
727 1621 792 1686 285
813 1641 860 1705 sq.
887 1619 982 1684 Nol
1011 1621 1047 1685 et
1066 1619 1102 1684 Π.
1160 1618 1226 1684 Sed
1262 1641 1337 1685 cum
1373 1641 1502 1707 semper

220 1717 321 1783 huius
344 1718 434 1784 modi
456 1716 585 1800 legibus
609 1715 734 1803 ahquid
760 1719 841 1783 insit
872 1717 1092 1783 dubitationis
1124 1720 1227 1803 atque
1258 1718 1436 1803 rarissime,
1467 1719 1501 1784 in

219 1817 333 1902 primis
369 1835 445 1881 cum
480 1815 520 1881 de
554 1815 751 1897 fragmentis
787 1817 905 1899 agitur,
941 1835 1047 1879 unum
1082 1817 1317 1898 argumentum
1353 1837 1395 1881 ex
1430 1819 1500 1882 arte

220 1913 360 1979 metrica
384 1915 554 1999 sumptum
578 1912 622 1979 ad
645 1935 686 1979 ea
710 1934 795 1999 quae
812 1918 893 1979 sunt
906 1913 1034 1979 tradita
1049 1912 1241 1996 corrigenda
1257 1913 1341 1979 satis
1357 1914 1501 1980 multum

220 2011 345 2095 ualeat,
376 2012 439 2077 hoc
468 2010 540 2077 loco
571 2011 752 2077 Henrioum
782 2010 871 2077 Weil
901 2010 994 2093 alioS,
1025 2011 1178 2097 quamuis
1209 2009 1294 2076 lenis
1326 2011 1370 2075 sit
1401 2033 1502 2098 quam

218 2111 464 2195 proposuerunt
487 2111 683 2193 correctura,
716 2109 819 2175 nolim
851 2110 946 2195 sequi
978 2112 1080 2195 atque
1103 2109 1137 2175 id
1161 2109 1295 2195 quidem
1318 2131 1357 2174 eo
1381 2110 1500 2193 minue,

218 2206 308 2293 quod
330 2207 401 2294 ipse
426 2208 558 2274 Curtius
581 2207 764 2274 Bernhardi
786 2230 816 2293 p.
834 2208 899 2273 250
930 2210 969 2273 ut
998 2206 1107 2291 legem
1131 2229 1231 2294 quam
1255 2207 1388 2273 inuenit
1411 2229 1500 2274 com-

219 2306 338 2391 probet
360 2306 395 2372 in
418 2305 592 2372 Menandri
601 2309 623 2390 1)
647 2307 683 2372 ir.
699 2306 765 2373 710
781 2306 820 2370 K.
843 2305 925 2371 GAF
941 2305 984 2371 Ill
1007 2327 1037 2391 p.
1053 2305 1119 2370 202

540 2425 615 2487 ὅταν
637 2449 664 2487 τι
686 2425 813 2508 peltae
835 2423 890 2487 τὸν
912 2425 1009 2507 πέλας
1032 2430 1223 2506 κακηγορεῖν

539 2522 635 2592 αὐτὸς
656 2521 694 2585 τὰ
718 2528 835 2585 σαυτοῦ
858 2527 987 2604 πρῶτον
1011 2522 1198 2584 ἕπεσκὲπτου
1221 2521 1307 2584 κακά

217 2657 275 2723 pro
306 2643 436 2720 πρῶτον
467 2657 543 2702 cum
573 2638 726 2719 Augusto
757 2634 909 2702 Meineke
939 2639 1039 2719 πρῶτ’
1071 2635 1213 2699 scribere
1245 2634 1379 2718 cogitur.
1434 2633 1500 2700 Sed

217 2732 361 2799 forsitan
385 2734 565 2816 contingat,
600 2737 639 2799 ut
669 2754 805 2799 uersum
828 2736 916 2798 recte
941 2731 1156 2819 suppleamus
1179 2733 1237 2815 ita,
1262 2735 1300 2797 ut
1323 2753 1432 2818 neque
1457 2733 1498 2798 ab

217 2830 282 2896 hac
304 2830 376 2914 lege
393 2830 603 2897 discedamus
627 2852 733 2911 neque
750 2851 836 2917 quae
853 2832 934 2896 sunt
948 2828 1074 2896 tradita
1095 2851 1135 2896 ea
1150 2833 1330 2913 mutemus,
1352 2831 1380 2895 si
1397 2830 1498 2916 scrip-

217 2929 358 2994 serimus
383 2926 436 3017 [μή
452 2926 493 3017 τ]ί
506 2955 541 3012 γε
564 2928 744 2994 subaudito
769 2929 871 2994 uerbo
888 2932 988 3013 εἴπηις
1009 2928 1048 2995 cf.
1065 2926 1337 3011 Kirhner-Gerth,
1361 2928 1381 2993 l.
1399 2949 1424 2993 s.
1439 2928 1497 2992 112

216 3048 247 3113 p.
264 3027 329 3092 572
351 3027 396 3092 in.
411 3027 480 3092 Nec
497 3048 700 3113 quamquam
715 3031 760 3113 μή
776 3031 806 3091 τί
819 3052 853 3110 γε
870 3026 1065 3113 saepissime
1081 3025 1169 3092 idem
1194 3047 1267 3091 esse
1285 3024 1329 3090 ad
1352 3025 1497 3091 ‘nedum'

217 3145 286 3189 non
301 3125 503 3208 ignoramus,
521 3126 600 3211 quin
616 3125 680 3191 hoc
694 3124 766 3191 loco
779 3127 944 3211 propriam
960 3126 1067 3212 p'ossit
1081 3124 1205 3190 habere
1222 3123 1498 3206 significationem

217 3222 419 3290 dubitamus.
465 3223 552 3289 Nam
567 3227 612 3308 μή
629 3251 657 3288 τι
673 3226 804 3310 spectat
820 3222 862 3288 ad
878 3226 937 3288 ὅσα
955 3226 990 3288 et
1005 3249 1040 3307 γε
1063 3221 1226 3309 particula
1247 3220 1333 3287 solet
1349 3220 1498 3287 adhiberi

216 3321 260 3386 ab
293 3321 340 3386 eis
375 3321 432 3407 qui
454 3325 573 3387 uetent
607 3320 733 3408 aliquid
767 3321 822 3386 uel
845 3321 986 3386 iubeant
1010 3322 1047 3386 cf.
1071 3320 1235 3402 Hartung,
1268 3318 1389 3384 ‘Lehre
1413 3341 1444 3384 v.
1468 3319 1496 3384 d.

216 3418 388 3484 Partiheln
412 3418 470 3484 der
492 3419 609 3502 griech.
634 3418 821 3505 Sprache’l
843 3440 873 3503 p.
890 3419 954 3483 372
972 3439 1018 3503 sq.
1043 3422 1077 3484 et
1099 3417 1267 3505 Aristoph.
1283 3417 1358 3483 Pac.
1376 3417 1441 3483 325
1451 3439 1496 3502 sq.

824 3525 912 3588 αὐτὼ
935 3524 980 3588 τὼ
1005 3527 1099 3609 σκέλη
1124 3528 1292 3609 χορεύετον
1309 3521 1353 3610 {i-

430 3626 476 3707 μή
500 3649 528 3687 τι
551 3624 605 3688 καὶ
627 3626 698 3688 νυνί
719 3626 751 3706 γ’
770 3625 826 3696 ἔτ’,
850 3622 928 3686 ἀλλὰ
952 3630 1034 3687 παῦε
1056 3627 1131 3687 παῦ’
1149 3625 1355 3706 ὀρχούμενος.

216 3728 310 3795 Unus
347 3732 462 3795 tamen
498 3729 579 3794 mihi
614 3730 722 3794 restat
757 3727 947 3815 scrupuluS,
985 3728 1072 3815 quod
1107 3731 1237 3815 aptiora
1267 3751 1335 3795 non
1367 3731 1496 3817 repperi

216 3826 379 3913 exempla,
412 3827 534 3914 quibus
564 3849 599 3892 re
630 3847 712 3892 uera
742 3827 963 3893 Menandrum
987 3825 1041 3916 [μή
1057 3826 1098 3917 τ]ί
1111 3854 1145 3911 γε
1165 3825 1337 3917 Φίλιν<ν>α
1361 3833 1496 3914 χαιρέτω

217 3926 387 4012 scripsisse
411 3927 573 3992 euincam.
608 3924 674 3992 Sed
698 3947 895 4014 quocunque
919 3928 1017 3993 modo
1034 3948 1142 3992 εοεαε
1159 3947 1194 3991 se
1210 3926 1324 4009 habet,
1340 3926 1497 3992 Philinna

215 4031 390 4090 matronae
413 4023 584 4090 uoluntati
603 4045 669 4090 non
688 4025 891 4111 obsequitur,
917 4025 975 4091 sed
991 4026 1207 4090 uehementer
1223 4024 1309 4109 quod
1326 4025 1497 4111 Myrrhina

216 4119 259 4185 ad
283 4142 357 4186 eam
380 4142 555 4208 progressa
586 4124 630 4188 sit
660 4123 764 4188 animi
793 4123 1025 4188 infirmitatem
1056 4125 1094 4188 ut
1123 4120 1269 4208 puellam
1301 4122 1344 4188 ab
1378 4122 1496 4189 adule-

215 4222 329 4285 scente
354 4220 489 4306 impune
512 4221 640 4287 laesam
664 4242 737 4286 esse
762 4220 862 4302 sinat,
886 4220 1057 4305 uituperat

322 4399 341 4468 ²)
361 4399 441 4467 Quod
465 4416 503 4454 an
528 4398 643 4454 omnino
668 4400 705 4452 sit
729 4397 876 4453 Menandri
899 4413 951 4452 suo
976 4397 1035 4451 iure
1060 4397 1089 4451 in
1114 4396 1231 4452 dubium
1255 4398 1372 4454 uocauit
1389 4398 1495 4463 Nauck,

208 4477 356 4547 Melanges
384 4479 630 4535 Gracc-Romame
651 4478 688 4532 Vl
712 4477 781 4533 1894
807 4494 833 4548 p.
857 4477 916 4533 131.
960 4476 1015 4531 Sed
1044 4494 1108 4532 cum
1135 4477 1196 4532 sine
1225 4477 1309 4533 dubio
1338 4495 1431 4534 nouae
1459 4480 1497 4533 sit

194 4558 372 4625 comoediae,
390 4563 495 4631 potest
515 4578 580 4617 esse
600 4559 740 4633 exemplo.
