3098 4956
739 236 960 301 „32-

209 415 424 498 προσέρχεται,
449 410 525 478 dh.
542 413 737 498 opportune,
761 411 975 499 intempore,
1000 413 1064 478 wie
1088 433 1124 478 es
1149 432 1185 478 so
1210 411 1261 478 oft
1280 412 1334 478 bei
1349 411 1488 478 Plautus

209 510 280 577 und
296 511 420 576 Terenn
443 509 544 576 heisst.
581 509 652 574 Nur
675 509 771 576 hatte
795 510 848 575 ich
870 509 925 575 firr
940 513 1099 595 ἄχρηστος
1123 531 1202 593 gern
1220 512 1328 577 etwas
1345 510 1489 576 Passen-

210 609 305 675 deres
337 607 506 690 ausfindig
536 607 711 690 gemacht’
758 610 807 674 Ac
838 608 878 673 de
906 607 1075 673 infinitiuo
1100 616 1211 692 γαμεῖν
1235 607 1314 693 quid
1337 608 1382 674 sit
1406 607 1490 674 iudi-

211 705 354 772 candum
379 726 481 793 supra
504 704 659 788 diximuS,
683 725 745 771 nec
768 703 809 769 de
833 708 991 790 ἄχρηστος
1014 704 1129 771 multis
1153 704 1314 772 disserere
1331 727 1415 791 opus
1432 709 1490 789 est,

211 804 331 891 quippe
349 824 434 890 quae
450 804 641 869 coniectura
655 803 719 889 ipsi
735 804 864 868 auctori
880 801 1060 888 displiceat.
1093 802 1159 869 Sed
1175 803 1263 889 quod
1278 805 1359 868 κατὰ
1369 801 1491 894 τ[ύχην]

210 901 388 988 suppleuit,
419 901 555 967 minime
585 901 618 966 in
652 904 800 987 tempore
823 901 940 967 Dauus
964 900 1098 966 uidetur
1120 900 1242 967 uenire.
1288 902 1392 967 Immo
1416 900 1492 967 inde

210 999 299 1086 quod
322 998 492 1086 Myrrhina
523 999 581 1064 ubi
611 998 705 1065 illum
730 999 913 1085 conspexit,
944 997 1119 1064 Philinnae
1143 1002 1183 1065 ut
1206 1019 1319 1064 secum
1341 999 1493 1085 paullum

211 1096 347 1163 secedat
376 1098 526 1182 imperat,
560 1118 634 1163 eam
666 1116 741 1162 cum
775 1117 872 1162 seruo
904 1093 1058 1179 congredi
1088 1096 1201 1162 nescio
1233 1117 1301 1182 qua
1324 1095 1364 1162 de
1389 1117 1494 1163 causa

210 1195 318 1261 uereri
346 1193 531 1261 concludes.
578 1194 669 1275 Quae
694 1215 770 1260 cum
792 1194 842 1259 ita
865 1194 943 1276 sint,
973 1192 1084 1259 facere
1108 1194 1167 1259 uix
1189 1215 1379 1280 possumus,
1412 1195 1493 1283 quin

211 1293 252 1358 ad
287 1313 327 1358 ea
358 1313 443 1378 quae
473 1291 628 1361 Britanni
659 1292 900 1372 coniecerunt1)
931 1290 1137 1374 refugiamus
1162 1289 1296 1381 [λόγους]
1320 1297 1493 1365 τοσούτους

210 1388 403 1479 κατατ[ίθου]
438 1391 476 1457 cf.
499 1390 584 1455 Plat.
608 1389 690 1456 Tim.
713 1411 743 1475 p.
765 1388 808 1456 59
832 1387 885 1454 ΟΒ
916 1394 956 1474 ἣν
987 1391 1062 1455 όταν
1092 1416 1137 1462 τις
1165 1392 1378 1462 ἀναπαύσεως
1401 1394 1492 1456 ἕνεκα

210 1491 285 1561 τοὺς
307 1491 379 1572 περὶ
401 1496 465 1553 τῶν
489 1491 591 1553 ὄντων
615 1489 662 1552 ἀεὶ
685 1489 904 1571 καταθέμενος
927 1490 1052 1572 λόγους,
1075 1488 1149 1559 τοὺς
1170 1492 1323 1571 γενέσεως
1337 1491 1410 1571 πέρι
1426 1491 1492 1553 ότα-

210 1590 377 1670 θειόμενος
400 1588 522 1658 εἰκότας
545 1586 781 1669 ἀμεταμέλητον
805 1588 926 1670 ἡδονὴν
949 1593 1065 1660 κτᾶται,
1088 1589 1216 1669 μέτριον
1240 1589 1280 1650 ἂν
1300 1589 1333 1650 ἓν
1348 1593 1406 1650 τῶι
1420 1589 1493 1670 dimi

210 1686 338 1749 παιδιὰν
362 1686 415 1748 καὶ
430 1686 590 1768 φρόνιμον
605 1692 735 1748 ποιοῖτο.
772 1681 838 1749 Sed
853 1705 929 1750 oum
944 1683 1101 1749 Philinna
1117 1685 1220 1774 antea
1236 1704 1310 1749 sese
1326 1683 1492 1750 facturam

213 1803 287 1848 esse
311 1781 453 1864 gloriata
476 1783 520 1847 sit
543 1779 631 1868 quod
653 1781 812 1866 perficere
835 1802 1008 1867 nunquam
1024 1783 1146 1868 potest,
1170 1802 1228 1866 pro
1245 1783 1361 1864 λόγους
1376 1802 1493 1847 uocem

212 1882 427 1966 expectamus
450 1881 561 1945 minus
585 1879 776 1963 ambiguam
797 1882 832 1945 et
848 1899 934 1965 quae
950 1879 1127 1960 angustius
1142 1878 1268 1962 ualeat,
1293 1881 1338 1944 ut
1348 1878 1493 1945 fortasse

212 1980 368 2062 κόμπους,
395 1999 481 2063 quae
505 1999 573 2043 uox
596 1975 685 2063 apud
701 1977 833 2044 Atticos
857 1980 892 2042 et
914 1978 949 2042 in
964 1976 1078 2063 primis
1102 1974 1191 2062 apud
1214 1977 1359 2059 tragicos
1375 1980 1493 2064 poetas

212 2077 341 2142 usitata
356 2097 398 2142 ne
411 2098 432 2141 a
444 2075 634 2141 comoediae
651 2074 784 2161 quidem
801 2074 911 2141 aliena
927 2078 980 2140 est
997 2073 1139 2139 dictione
1157 2073 1196 2140 cf.
1209 2073 1303 2140 Alex.
1315 2076 1352 2142 fr.
1365 2074 1492 2161 25‚9K.

212 2173 294 2239 cnr
315 2173 343 2238 11
365 2195 395 2260 p.
412 2173 477 2239 eoe

482 2282 588 2364 ἀρεταὶ
611 2282 646 2345 δὲ
668 2283 832 2364 πρεσβεῖαί
851 2306 884 2345 τε
906 2281 961 2344 καὶ
983 2281 1162 2364 στρατηγίαι

481 2381 602 2463 κόμποι
624 2381 711 2444 κενοὶ
735 2385 900 2462 ψοφοῦσιν
923 2380 996 2441 ἀνθ’
1020 2379 1201 2461 ὀνειράτων.

212 2492 265 2558 Ad
277 2495 389 2560 cetera
400 2495 514 2559 autem
522 2494 711 2581 Myrrhinae
721 2494 826 2560 uerba
834 2491 1052 2576 restituenda,
1067 2514 1140 2558 cum
1152 2491 1241 2578 quod
1249 2514 1318 2558 van
1325 2492 1495 2560 Leeuwen

213 2591 362 2675 coniecit,
378 2591 412 2657 id
428 2595 517 2658 stare
533 2613 602 2658 non
614 2612 713 2678 posse
729 2612 830 2678 supra
846 2589 1100 2672 ostenderimus
1113 2592 1257 2677 primum
1268 2591 1304 2655 in
1320 2611 1495 2658 censuram

213 2710 371 2756 nocemus
395 2688 526 2773 Georgii
548 2688 669 2755 Kaibel
692 2688 962 2775 supplementum
984 2692 1093 2772 ἡμῶνε

958 2807 1166 2888 προσέρχεται

534 2900 649 2991 [ἡμῶν]
674 2905 693 2968 ό
715 2904 873 2987 θεράπων
896 2905 931 2977 ἐξ
953 2905 1054 2986 ἀγροῦ
1078 2904 1173 2974 Δᾶος.

213 3019 263 3085 Ac
286 3017 489 3105 Myrrhinam
519 3018 745 3085 adulescentis
777 3039 851 3084 esse
875 3039 1054 3084 nouercam
1077 3017 1132 3083 ille
1156 3018 1324 3104 opinatur,
1358 3037 1445 3103 quae
1469 3017 1497 3082 si

214 3119 313 3199 esset,
346 3120 434 3183 certe
457 3119 600 3201 Dauum,
634 3139 731 3204 quem
757 3138 892 3184 seruum
917 3138 991 3182 esse
1015 3115 1056 3182 de
1080 3117 1151 3181 eius
1174 3114 1312 3199 familia,
1345 3116 1403 3201 qui
1425 3114 1497 3180 filio

214 3215 351 3303 nuptias
378 3216 527 3302 adparet,
558 3215 716 3283 Dniatzlro
740 3239 771 3303 p.
788 3216 853 3282 510
877 3215 1014 3302 planum
1037 3213 1129 3298 facit,
1161 3216 1325 3279 ‘nostrum
1348 3216 1497 3279 seruum'

213 3317 330 3401 posset
352 3316 532 3381 nominare.
572 3316 617 3380 At
639 3314 768 3380 nullum
793 3336 835 3380 ex
858 3315 906 3380 eis
930 3333 1015 3399 quae
1040 3315 1121 3377 sunt
1143 3309 1268 3377 tradita
1290 3313 1406 3398 potest
1428 3311 1498 3398 peti

215 3416 459 3495 argumentum,
492 3433 556 3498 quo
585 3411 718 3494 Georgii
739 3411 860 3477 Kaibel
890 3411 1000 3497 opinio
1033 3409 1271 3495 comprobetur.
1317 3409 1422 3475 Immo
1453 3430 1497 3475 ne

215 3509 368 3576 credibile
391 3510 524 3596 quidem
548 3511 601 3574 est
615 3508 807 3574 Philinnam
832 3528 942 3575 coram
964 3507 1039 3594 ipsa
1061 3528 1207 3574 nouerca
1225 3509 1298 3572 tam
1312 3506 1498 3573 insolenter

214 3629 245 3674 u.
262 3608 304 3672 29
327 3607 419 3695 loqui
435 3606 474 3672 de
490 3606 650 3692 priuigno.
689 3607 763 3673 Huc
780 3606 944 3671 accedunt
960 3608 1159 3688 argumenta
1175 3627 1196 3671 a
1211 3603 1418 3671 Dziatzkone
1434 3604 1454 3671 l.
1470 3626 1497 3672 e.

214 3726 244 3791 p.
268 3706 332 3771 517
346 3727 392 3792 sq.
424 3709 622 3770 enumerata
653 3725 739 3790 quae
771 3724 853 3770 sane
885 3705 965 3768 sunt
995 3701 1194 3769 firmissima.
1246 3701 1375 3769 Deinde
1408 3701 1498 3790 quod

215 3807 320 3869 αὐτῶν
344 3803 548 3890 scripserunt
567 3802 680 3868 Nicole
696 3801 786 3869 Weil
801 3801 971 3877 Dziatnko
997 3822 1071 3867 cum
1096 3804 1199 3866 antea
1222 3799 1262 3866 de
1287 3822 1353 3866 uno
1378 3800 1499 3866 adule-

215 3904 330 3967 scente
349 3899 474 3967 nonde
492 3901 563 3967 eius
582 3899 708 3966 familia
725 3900 821 3966 domo
839 3899 1034 3987 parentibus
1050 3899 1155 3965 uerba
1171 3898 1240 3964 sint
1255 3897 1356 3982 facta,
1379 3919 1499 3964 uereor

215 4001 255 4064 nt
282 3999 345 4064 hoc
368 3999 452 4064 satis
476 3997 616 4065 dilucide
640 3998 686 4065 sit
708 3996 843 4066 dictum.
888 3999 1004 4084 Neque
1027 4001 1103 4081 ἡμῖν
1127 3996 1216 4083 quod
1238 3995 1392 4062 Britanni
1416 4017 1498 4062 con-

214 4095 365 4162 iecerunt
394 4096 513 4183 placet,
546 4097 704 4184 quoniam
734 4097 867 4163 uidetur
891 4117 963 4162 esse
988 4115 1284 4182 superuacaneum.
1331 4093 1398 4159 Sed
1421 4113 1500 4160 cum

326 4293 345 4362 ¹)
363 4293 444 4348 Blass
463 4292 510 4364 qui
529 4291 634 4364 [ὅρκους]
646 4291 782 4348 τοαοότονς
796 4289 1008 4363 κατα<π>α[τῶν]
1029 4291 1159 4356 coniecit,
1179 4290 1254 4362 quod
1272 4308 1289 4341 τ
1301 4288 1330 4343 in
1341 4307 1363 4340 π
1375 4289 1501 4343 mutauit

215 4389 273 4427 non
293 4373 414 4428 feliciter
433 4373 561 4429 defendit
580 4390 644 4428 cum
663 4372 797 4428 adnotat:
816 4369 984 4441 ‘Allerdings
1003 4371 1080 4425 lesen
1094 4371 1191 4425 Nicole
1213 4370 1268 4423 und
1282 4368 1502 4424 Grenfell·Hunt

214 4472 308 4520 κατατ,
327 4455 395 4508 aber
414 4452 459 4508 die
476 4452 663 4508 Handschrilt
681 4452 770 4507 selbst
788 4452 825 4506 ist
844 4451 910 4506 sehr
927 4449 1100 4505 fehlerhaft.’
1137 4451 1208 4505 Nam
1228 4449 1275 4520 qui
1294 4449 1324 4503 in
1344 4449 1399 4504 hac
1418 4451 1502 4504 carta

215 4534 390 4590 recensenda
407 4533 458 4589 tali
477 4536 572 4589 utetur
589 4533 708 4599 ratione,
728 4531 823 4587 omnia
841 4532 948 4603 poterit
965 4534 1092 4603 probare,
1113 4546 1296 4602 quaecunque
1315 4529 1401 4585 uolet.
