3098 4956
665 297 889 364 ,37-

136 473 208 541 Hes,
233 474 357 557 Theog.
381 474 456 556 366,
488 473 542 540 hic
573 495 703 560 quoque
735 475 894 540 occcurrit
926 475 1091 542 distinctis
1121 474 1242 542 litteris
1280 478 1412 564 scripta,

138 570 399 639 concludendum
432 593 506 638 esse
537 572 619 638 mihi
650 572 783 658 quidem
818 570 951 638 uidetur
982 573 1122 639 eandem
1156 595 1275 640 uocem
1309 576 1413 659 signi-

134 672 292 738 ficatione
321 669 438 736 eadem
461 671 605 757 positam
633 691 675 736 ne
699 671 734 736 in
757 671 870 736 Attico
895 669 1028 757 quidem
1052 662 1203 738 sermone
1227 671 1415 739 inauditam

133 770 243 853 tuisse,
269 768 464 854 praesertim
488 789 563 833 cum
586 768 704 834 Aesch.
728 768 834 836 Prom.
858 769 923 836 735
934 790 1002 855 sqq.

827 893 877 976 ἄρ’
902 896 978 977 ὑμῖν
1003 896 1095 959 δοκεῖ

346 993 365 1055 ὁ
389 997 453 1056 τῶν
476 992 566 1055 θεῶν
588 993 742 1074 τύραννος
766 994 798 1062 ἐς
821 992 858 1055 τὰ
881 993 981 1056 πάνθ’
1007 994 1099 1075 ὁμῶς

346 1091 447 1172 βίαιος
471 1090 548 1153 εἶναι
595 1089 711 1154 eadem
727 1089 958 1174 interpretatio
976 1088 1182 1156 admittatur.
1215 1089 1415 1156 Coniectura
1512 1159 1514 1161 ,

132 1188 231 1271 igitur
255 1186 390 1252 minime
423 1207 506 1272 opus
538 1190 598 1253 est.
645 1184 711 1252 Sed
741 1187 893 1270 indigent
924 1191 1111 1252 correctura
1134 1208 1220 1273 quae
1244 1210 1274 1254 u.
1291 1187 1335 1254 40
1359 1209 1413 1253 se-

132 1287 281 1373 quuntur
303 1284 407 1350 uerba

172 1410 718 1476 ΠΑΝΤΑΟΣΑΦΕΡΟΜΕΝΤΑ
726 1409 1359 1475 ΥΤΑΠΑΝΤἘΙΣΤΟΥΣΓΑΜΟΥΣ

133 1548 274 1614 quorum
305 1546 462 1591 numeros
498 1524 611 1592 saluos
645 1546 711 1591 non
748 1547 822 1591 esse
857 1547 946 1591 unus
978 1526 1119 1612 quisque
1153 1525 1255 1591 uidet.
1302 1527 1413 1612 Atque

132 1625 280 1690 omnium
316 1626 575 1689 correcturarum
606 1627 688 1709 quot
721 1624 784 1689 uiri
814 1623 903 1689 docti
933 1628 1179 1711 proposuerunt
1210 1628 1414 1690 correcturas

131 1721 229 1806 longe
255 1724 308 1787 est
330 1721 533 1803 lenissima1)
558 1743 657 1806 quam
683 1743 750 1787 van
773 1721 943 1788 Leouwen
967 1722 1171 1804 excogitauit

345 1843 482 1936 adv<d’>
505 1844 612 1936 ὅσ<ι>α
636 1849 779 1931 φέρομεν
801 1855 905 1922 τοῦτο,
929 1849 1016 1912 notri
1043 1851 1086 1919 εἰς
1108 1849 1182 1919 τοὺς
1206 1849 1339 1931 γάμους.

130 1972 239 2052 Quam
261 1973 378 2037 tamen
401 1973 630 2056 correcturam‚
664 1991 740 2036 cum
763 1971 886 2037 similes
910 1971 1000 2038 locos
1028 1993 1137 2058 neque
1167 1970 1222 2036 ille
1255 1969 1414 2037 adtulerit

131 2091 192 2135 neo
215 2090 278 2134 nos
301 2069 537 2154 inuenerimuS,
562 2070 598 2134 in
621 2072 753 2135 textum
773 2090 871 2156 quem
896 2073 1020 2136 uocant
1043 2071 1185 2156 recipere
1210 2069 1413 2135 dubitamus,

131 2167 241 2247 Quare
275 2166 355 2232 Ellis
391 2188 466 2232 cum
495 2164 631 2256 πάν<ν9’>
663 2170 711 2233 ὅο’
743 2165 991 2257 ἀ<να>φέρομεν,
1022 2176 1116 2232 τοῦτο
1147 2170 1237 2232 πάντ’
1266 2171 1310 2239 εἷς
1339 2168 1414 2239 τοὺς

131 2269 257 2349 γάμους
288 2265 419 2350 scripsit
453 2266 599 2347 genuina
633 2265 766 2330 uidetur
801 2265 977 2330 refinxisse
1008 2268 1128 2351 poetae
1158 2264 1272 2330 uerba.
1327 2263 1414 2329 Nam

131 2364 302 2430 librarium
326 2385 343 2428 e
368 2361 608 2429 consuetudine
639 2362 770 2428 illorum
793 2362 976 2447 hominum,
1011 2364 1067 2447 qui
1098 2362 1306 2428 sescentiens
1337 2384 1413 2427 uer-

134 2462 250 2527 borum
274 2460 530 2544 compositorum
552 2460 816 2546 praepositiones
841 2460 1043 2543 omitterent,
1073 2481 1149 2525 cum
1173 2460 1209 2525 in
1233 2459 1412 2546 archetypo

130 2559 720 2624 ΠΑΝΤΑΟΣΑΑΝΑΦΕΡΟΜΕΝ
749 2558 898 2640 uidisset,
933 2559 1031 2622 ANA
1066 2557 1217 2623 omisisse
1253 2557 1325 2622 ueri
1362 2561 1414 2623 est

130 2657 344 2723 simillimum.
391 2656 462 2736 Quo
485 2657 612 2722 iactum
644 2659 696 2722 est
727 2660 766 2721 ut
796 2676 885 2722 nunc
912 2656 947 2720 in
976 2659 1070 2722 carta
1099 2655 1231 2738 legatur
1258 2656 1417 2721 ΟΣΑΦΕ

129 2756 303 2822 ΡΟΜΕΝ.
341 2755 410 2820 Νοο
429 2752 656 2819 maledictum
677 2753 811 2820 uidetur
826 2758 1004 2838 ἀναφέρειν,
1030 2753 1118 2840 quod
1140 2752 1280 2819 uerbum
1305 2753 1414 2820 soleat

130 2852 285 2938 usurpari
316 2852 356 2917 de
387 2852 434 2917 eis
466 2851 522 2937 qui
553 2855 593 2917 ut
623 2851 748 2939 aliquid
779 2852 957 2938 adportent
986 2853 1079 2918 missi
1109 2855 1335 2918 reuertentur:
1375 2853 1413 2919 ct.

132 2951 248 3038 Polyb.
271 2950 303 3014 X
321 2949 403 3034 16,4
425 2953 539 3022 πάντες
570 2954 600 3015 οἱ
630 2951 711 3036 πρὸς
741 2953 797 3035 τὴν
827 2953 974 3035 ἁρπαγὴν
1006 2952 1271 3034 ἀπομερισθέντες
1294 2953 1412 3033 ἀναφέ-

129 3075 224 3134 ρουσι
250 3050 305 3121 τὰς
336 3051 491 3132 ὠφελείας
522 3052 647 3114 ἕκαστον
680 3058 744 3120 τοῖς
775 3053 897 3114 ἑαυτῶν
928 3051 1157 3132 στρατοπέδοις.
1212 3047 1363 3134 Denique
1395 3071 1413 3113 o

130 3145 251 3234 plurali
281 3167 419 3212 numero
450 3144 690 3236 <ἁν>αφέρομεν
721 3146 854 3211 Dauum
885 3167 953 3210 non
985 3145 1093 3211 solum
1123 3145 1228 3211 redire
1260 3144 1413 3230 adparet;

130 3244 192 3311 sed
226 3245 289 3309 hoc
325 3245 496 3330 quaeritur
529 3247 642 3309 utrum
677 3243 781 3330 Syrus
812 3244 868 3329 qui
899 3265 929 3307 u.
951 3242 995 3308 39
1026 3242 1214 3326 adpellatur
1250 3263 1325 3308 cum
1356 3242 1412 3309 illo

131 3342 307 3409 aduenerit
340 3363 384 3408 an
420 3342 506 3408 alius
529 3341 666 3429 quidam
701 3362 818 3407 seruus
849 3340 905 3406 uel
936 3339 1000 3406 alii.
1053 3340 1213 3406 Driatzko
1245 3340 1333 3406 enim
1370 3341 1413 3407 ad

129 3441 161 3506 h.
186 3440 205 3505 l.
238 3440 380 3506 adnotat
413 3441 511 3506 haec:
546 3441 662 3527 ‘Syrus
696 3441 742 3505 ist
774 3438 973 3505 vermutlich
1008 3442 1075 3504 erst
1105 3438 1229 3522 infulge
1262 3437 1321 3504 des
1342 3441 1412 3503 An-

131 3537 288 3624 klopfens
319 3560 381 3604 aus
406 3539 481 3604 dem
504 3538 619 3605 Hause
649 3539 708 3604 des
738 3538 870 3604 reichen
892 3538 1035 3620 Biirgers
1060 3541 1211 3620 getreten
1236 3541 1283 3619 (so
1308 3538 1413 3603 sehon

131 3659 163 3704 v.
184 3636 242 3720 L.);
273 3636 375 3702 daher
402 3636 437 3701 in
461 3636 500 3702 V.
516 3636 560 3702 40
585 3637 636 3702 die
661 3636 850 3720 Belehrung
872 3645 968 3701 ταῦτα
991 3662 1023 3700 π.
1040 3663 1063 3704 ε.
1079 3663 1103 3700 τ.
1121 3659 1161 3719 γ.;
1186 3656 1221 3700 er
1244 3634 1325 3717 geht
1352 3635 1413 3700 mit

132 3734 198 3800 den
218 3734 406 3817 Begleitern
431 3733 488 3800 des
504 3735 594 3801 Daos
617 3735 670 3800 ins
694 3734 808 3799 Haus’
855 3737 902 3799 At
924 3735 1023 3799 nimis
1046 3735 1168 3819 pressit
1190 3733 1294 3798 uerba
1317 3739 1412 3796 ταῦτα

129 3836 220 3897 πάντ’
245 3837 289 3905 εἷς
310 3834 384 3905 τοὺς
407 3836 538 3917 γάμους.
577 3833 664 3898 Nam
687 3832 749 3898 hoc
772 3831 989 3897 manifestum
1014 3835 1066 3896 est
1087 3831 1207 3917 Syrum
1222 3829 1310 3894 Daui
1333 3850 1412 3894 con-

134 3952 269 3996 seruum
284 3970 329 3978 -
346 3931 417 3996 siue
442 3930 530 3996 domi
553 3934 709 3996 uersatus
734 3932 807 3994 erat
830 3929 900 3994 siue
926 3951 1000 3994 cum
1024 3927 1079 3993 illo
1103 3950 1160 3994 rus
1183 3928 1352 4011 proiectus
1368 3966 1412 3975 —

133 4029 269 4094 minime
299 4030 450 4112 ignorare
476 4050 574 4114 quem
598 4027 642 4092 ad
664 4028 767 4093 linem
791 4027 889 4092 flores
913 4025 1119 4110 adferantur,
1145 4026 1204 4091 sed
1228 4025 1333 4091 uerba
1355 4024 1413 4092 illa

132 4128 267 4193 omnino
292 4127 399 4209 magis
423 4125 466 4191 ad
489 4129 694 4212 spectatores
711 4122 877 4191 docendos
894 4144 995 4210 quarn
1019 4120 1063 4187 ad
1086 4144 1221 4188 seruum
1242 4124 1411 4189 instruen-

133 4223 212 4290 dum
237 4247 311 4291 esse
335 4223 432 4291 dicta.
478 4224 513 4289 Id
537 4225 637 4308 igitur
661 4224 749 4310 quod
772 4243 830 4309 per
854 4243 889 4287 se
913 4221 985 4287 ueri
1009 4221 1053 4286 sit
1076 4220 1280 4286 simillimum
1302 4242 1412 4308 neque

239 4494 257 4562 1)
278 4490 416 4564 <ἁ>παντα
435 4458 485 4544 dea
504 4493 618 4563 φέρομεν
636 4508 660 4546 e.
673 4507 698 4561 q.
713 4507 736 4545 s.
755 4488 838 4544 scribi
861 4488 968 4558 nequit,
995 4487 1128 4558 quoniam
1146 4487 1412 4559 proceleusmaticus

132 4573 180 4645 qni
198 4576 319 4629 uocatur
338 4573 376 4642 (in
394 4573 485 4627 altero
504 4571 583 4644 pede)
603 4589 660 4626 non
679 4569 847 4625 admittitur.
