3098 4956
664 279 887 345 ..69-

207 454 277 521 100.
301 454 348 544 [τὸ
375 453 552 558 λοιιιδ]<ν>·
577 459 615 522 οὐ
640 458 699 541 γὰρ
724 459 918 541 ἁρπάσονδ’,
943 461 1018 524 ὅταν
1040 462 1138 544 τύχηι,
1167 498 1170 506 ·

298 579 456 669 [ἀμυνῶ]
481 583 688 665 δικάσομαι,·)
711 584 883 666 πράγμαθ’
914 586 986 658 ἔξω,
1000 588 1016 666 'l
1037 577 1231 688 7μα’ρτῇιρας]

298 704 458 792 [παρέχειν
482 704 597 793 δεήσει]

136 903 217 967 10οτ
246 901 836 1004 ᾼΟΥΓΑΡΑΡΠΑΣΟΝΘὊΤΑΝ,
870 903 947 967 101:
970 903 1290 970 ΠΡΑΓΜΑΘΕΞΩ
1313 909 1415 974 carta.

242 1168 312 1235 Hos
335 1188 454 1233 uersus
478 1187 554 1232 cum
576 1167 805 1251 tractabimus,
829 1167 907 1234 inde
923 1190 944 1234 a
959 1170 1112 1236 uersibus
1127 1171 1171 1236 42
1188 1193 1257 1258 sqq.
1274 1193 1415 1257 quorum

133 1289 257 1335 sensus
288 1269 323 1333 et
354 1268 589 1347 argumentum
618 1264 714 1330 facile
747 1266 962 1349 intellegatur
991 1267 1245 1353 proficiscemur.
1302 1272 1413 1356 Atque

133 1386 260 1433 euoce
282 1366 418 1449 τρόφιμε
440 1384 472 1427 u.
493 1363 545 1444 55,
570 1361 609 1427 de
634 1384 701 1448 qua
723 1385 805 1429 uoce
839 1364 938 1430 uelim
971 1364 1123 1430 conferas
1146 1387 1176 1452 p.
1193 1367 1246 1450 40,
1278 1368 1415 1453 quinam

132 1466 223 1531 inter
245 1475 280 1528 se
297 1461 540 1546 conloquantur
555 1459 773 1526 manifestum
790 1464 849 1529 est.
885 1461 1082 1548 Adpellatur
1102 1464 1190 1529 enim
1206 1463 1412 1550 adulescens²

132 1562 224 1630 erilis
247 1559 347 1642 filius,
376 1579 398 1624 a
425 1579 522 1624 seruo
547 1557 690 1645 quodam
714 1559 837 1625 maiore
861 1563 946 1626 natu
970 1562 1007 1626 ci.
1023 1561 1091 1627 Leo
1116 1583 1144 1647 p.
1162 1562 1227 1629 678
1249 1562 1270 1631 l.
1287 1585 1313 1629 e.
1345 1563 1415 1630 Nec

131 1683 203 1726 non
227 1681 270 1726 ex
293 1657 410 1724 eadem
436 1677 525 1739 uoce,
555 1677 630 1722 cum
662 1677 879 1742 personarum
909 1659 1133 1724 mutationem
1164 1659 1414 1743 diligentissime

131 1758 287 1825 librarius
311 1755 491 1835 notauerit,
516 1776 602 1840 quae
626 1755 731 1820 uerba
753 1756 886 1843 utrique
910 1756 1136 1822 interlocutori
1151 1757 1331 1824 tribuenda
1347 1759 1415 1824 sint

132 1856 356 1940 cognoscitur:
379 1875 434 1918 uu.
451 1852 582 1918 54-63
607 1874 724 1918 seruus
749 1853 837 1936 dicit,
869 1853 1023 1940 idemque
1053 1876 1085 1920 u.
1109 1855 1151 1921 66
1176 1860 1356 1922 exeuntem
1380 1860 1415 1922 et

130 1978 164 2021 u.
182 1955 225 2020 66
249 1956 285 2018 ct
303 1975 334 2017 u.
352 1951 394 2018 67
418 1953 610 2034 exeuntem3
634 1972 664 2017 u.
682 1951 724 2016 45
749 1954 928 2017 exeuntem
952 1955 988 2018 et
1009 1951 1137 2039 reliqua
1158 1952 1306 2039 loquitur
1329 1953 1414 2020 adu-

130 2053 272 2118 lescens
314 2050 386 2115 lam
409 2051 641 2132 argumentum
664 2051 770 2115 totius
799 2050 960 2114 sermonis
1000 2051 1080 2136 quin
1111 2050 1152 2116 de
1183 2052 1330 2137 parasito
1359 2053 1413 2136 sit,

131 2152 175 2217 de
199 2170 265 2237 quo
289 2169 413 2214 nomen
436 2146 600 2235 acceperit
622 2145 749 2232 fabula,
773 2168 872 2213 nemo
897 2152 950 2214 est
974 2150 1031 2234 qui
1054 2147 1192 2215 dubitet.
1240 2150 1293 2216 Ad
1316 2171 1415 2237 quem

128 2247 320 2336 parasitum
344 2267 385 2312 ea
407 2243 582 2311 referenda
605 2247 686 2310 sunt
708 2267 795 2332 quae
819 2245 897 2311 dicit
921 2245 1117 2312 adulescens
1141 2269 1196 2312 uu.
1212 2247 1358 2314 42--44:

349 2363 457 2433 οὐδεὶς
479 2364 668 2445 ἕπλούτησεν
694 2364 816 2444 ταχέως
840 2363 960 2433 δίκαιος
984 2365 1039 2428 ὤν.

348 2462 366 2524 ὁ
389 2461 448 2544 μὲν
472 2460 532 2543 γὰρ
555 2462 654 2524 aaron
677 2462 813 2542 συλλέγει
839 2461 893 2535 καὶ
916 2461 1062 2543 φείδεται,

349 2560 367 2622 ὁ
392 2559 426 2623 δὲ
448 2559 503 2622 τδν
526 2559 621 2622 πάλαι
643 2559 824 2641 quoom'll
849 2559 1035 2640 ἐνεδρεύσας
1045 2559 1067 2639 ⁹)
1090 2560 1184 2622 πάντ’
1210 2561 1279 2641 ἔχει.

130 2697 221 2763 quae
244 2677 335 2740 recte
362 2675 538 2738 uerterunt
560 2671 725 2739 Britanni:
757 2673 823 2738 ‘No
851 2673 974 2738 honest
1003 2694 1084 2737 man
1114 2693 1193 2738 ever
1223 2692 1314 2756 grew
1344 2673 1414 2738 rich

129 2773 276 2861 quickly.
323 2771 386 2837 For
409 2771 509 2837 while
532 2771 574 2836 he
600 2772 626 2836 is
649 2771 784 2856 putting
807 2771 853 2858 by
877 2771 943 2836 and
966 2770 1070 2854 living
1093 2770 1232 2859 thriitly,
1255 2770 1414 2837 theman

129 2872 211 2938 who
234 2871 309 2958 lays
334 2891 355 2934 a
377 2873 451 2955 trap
474 2868 526 2935 ior
555 2868 608 2934 his
639 2869 770 2954 patient
800 2868 1054 2952 watchiulness‚
1085 2872 1158 2954 gets
1194 2869 1412 2957 everything?

129 2969 217 3036 Nam
243 2968 354 3034 uerbis
378 2969 471 3051 ὁμὲν
493 2968 603 3032 iustus
626 2967 687 3050 uir,
712 2969 782 3032 ὁδὲ
805 2969 950 3033 iniustus
974 2968 1025 3032 uir
1046 2967 1213 3033 indicatur
1240 2971 1342 3054 atque
1365 2969 1415 3034 ita

131 3066 277 3155 quidem,
302 3068 341 3131 ut
363 3068 439 3131 tota
462 3064 632 3130 sententia
656 3064 862 3130 eMenandri
877 3088 943 3130 usu
959 3087 998 3131 ac
1015 3065 1256 3131 consuetudine
1279 3067 1314 3131 in
1338 3067 1413 3130 uni-

130 3186 268 3231 uersum
293 3163 430 3248 dicatur,
455 3162 514 3228 sed
530 3165 549 3227 ὁ
566 3165 600 3228 δὲ
620 3161 763 3247 quodam
781 3163 878 3228 modo
896 3163 997 3228 etiam
1015 3162 1057 3227 ad
1073 3164 1258 3248 parasitum
1274 3167 1412 3249 spectet,

129 3263 173 3329 de
202 3262 297 3328 cuius
321 3265 393 3328 arte
416 3261 502 3326 inira
532 3261 667 3326 uberius
696 3260 946 3345 conloquentur.
992 3261 1040 3326 Ac
1072 3281 1189 3326 seruus
1220 3281 1296 3326 cum
1326 3260 1414 3326 infra

128 3383 188 3427 uu.
205 3361 247 3426 55
264 3381 332 3446 sqq.
356 3359 427 3445 ipse
455 3380 586 3446 quoque
617 3361 746 3444 quanta
775 3358 937 3443 pernicies
968 3379 1006 3424 ac
1039 3357 1144 3443 pestis
1175 3359 1244 3424 sint
1275 3359 1414 3444 parasiti

130 3457 300 3544 copiosius
324 3462 479 3544 exponat,
505 3458 563 3522 uix
586 3459 698 3543 potest
722 3455 828 3522 dicere
853 3459 899 3529 ὡς
922 3459 1033 3522 ἄδικον
1056 3457 1140 3528 etrier
1163 3455 1251 3542 quod
1269 3455 1413 3522 editores

130 3555 386 3643 suppleuerunt3
410 3554 468 3620 scd
493 3557 679 3621 consentire
704 3576 789 3638 eum,
814 3577 882 3621 non
907 3554 1080 3621 dissentire
1098 3554 1335 3641 expectaueris
1367 3556 1414 3620 At

131 3654 280 3720 ΩΣΑΔΙ
306 3674 342 3718 se
373 3653 493 3736 legisse
523 3652 724 3738 profitentur
747 3653 907 3720 Britanni.
953 3654 999 3718 At
1022 3653 1050 3718 si
1081 3673 1183 3737 quam
1213 3651 1413 3718 addiderunt

129 3751 286 3818 tabulam
302 3751 492 3834 diligentius
509 3757 610 3836 atque
628 3752 733 3818 acutis
748 3751 851 3816 oculis
866 3753 1060 3838 inspexeris,
1078 3771 1258 3834 cognosces
1275 3751 1412 3836 quintae

129 3851 264 3916 litterae
280 3848 429 3915 relictam
446 3869 520 3914 esse
537 3849 624 3914 hanc
639 3849 762 3914 lineam
776 3850 793 3911 l
820 3847 863 3913 ad
888 3848 1023 3914 laeuam
1047 3851 1229 3915 curuatam.
1276 3848 1379 3934 Atqui
1393 3848 1417 3912 I

129 3947 247 4014 littera
270 3945 402 4013 derecta
424 3947 513 4012 linea
537 3945 725 4032 depingitur
748 3945 787 4010 ot.
804 3946 956 4011 ΗΛΙΟΝ
966 3969 997 4013 u.
1013 3947 1057 4014 45
1073 3946 1185 4010 EIMI
1196 3967 1227 4011 u.
1243 3945 1299 4029 463
1323 3944 1413 4010 linea

131 4045 176 4113 ad
206 4045 341 4111 laeuam
372 4047 513 4110 curuata
544 4045 650 4110 altera
679 4064 757 4129 pars
789 4046 841 4109 est
864 4044 996 4109 litterae
1018 4045 1051 4107 Y
1070 4042 1108 4109 oi.
1130 4044 1237 4109 ΟΜΝ
1237 4043 1298 4107 ΥΩ
1321 4065 1352 4108 u.
1368 4043 1412 4109 45

240 4240 259 4310 ¹)
278 4241 447 4295 uocabulum
464 4240 553 4310 τηρεῖν
570 4240 681 4311 saepius
695 4239 814 4295 occurrit
832 4237 862 4293 in
873 4239 1019 4294 Menandri
1036 4237 1204 4309 fragmentis
1223 4237 1260 4294 ci.
1276 4237 1311 4295 ir.
1332 4237 1365 4292 12
1377 4239 1411 4295 Κ.

131 4321 203 4376 GAF
216 4320 256 4375 Ill
275 4338 302 4393 p.
315 4321 340 4388 6,
360 4320 393 4376 ir.
407 4320 475 4386 74,4
487 4320 521 4374 K.
542 4320 611 4374 car
624 4320 661 4374 lll
679 4337 706 4390 p.
719 4319 762 4385 24,
782 4320 816 4376 fr.
835 4318 888 4374 383
900 4318 934 4372 K.
954 4318 1023 4373 OAF
1036 4318 1073 4372 Ill
1090 4335 1118 4388 p.
1132 4317 1192 4374 110.

240 4401 260 4471 ¹)
280 4401 316 4456 cf.
336 4400 501 4470 (Demosth.)
526 4401 575 4454 XL
596 4399 630 4455 10
654 4418 680 4472 p.
701 4398 804 4465 1011,4
827 4396 894 4469 μετὰ
917 4403 965 4451 τοῦ
989 4395 1146 4455 Μενεκλέους
1170 4393 1341 4470 ἐνεδρεύσασα
1364 4395 1412 4449 cdv

129 4483 237 4553 πατέρα
260 4501 312 4548 μου
335 4484 380 4533 καὶ
405 4478 594 4547 ἐξαπατήσασα
615 4478 704 4552 δρινωι.
735 4480 819 4551 Apud
846 4479 969 4535 comicos
997 4482 1134 4551 quantum
1161 4478 1245 4534 uideo
1273 4496 1330 4534 non
1357 4475 1413 4532 nisi

130 4557 225 4633 itedpa
243 4561 346 4631 legitur
364 4560 481 4632 Antiph.
500 4562 534 4616 fr.
550 4561 632 4625 1247
651 4561 685 4616 K.
705 4560 811 4616 carn
829 4577 855 4630 p.
869 4559 912 4616 60.
