3098 4956
741 82 964 147 ..58-

214 260 279 327 duo
309 261 389 347 pagi
419 263 455 327 ot
484 261 591 347 palus.
636 261 706 326 Nee
736 260 845 326 solum
867 260 945 326 huic
968 259 1083 346 paludi
1106 281 1222 326 uerum
1246 259 1349 326 otiam
1371 259 1438 325 toti
1460 259 1495 326 in

213 380 281 446 qua
303 360 371 424 sita
394 361 467 425 orat
489 359 615 441 regioni
631 379 754 424 nomon
766 360 853 423 ‘Alai
866 356 971 424 fuisse
987 359 1192 441 intellegitur
1208 379 1250 424 ex
1264 357 1347 424 Xon.
1364 356 1494 424 Hellen.

212 458 287 539 ll4,
302 457 346 522 34
375 461 406 523 oi
435 459 495 541 μὲν
527 459 717 541 ε’ξώσδησον
749 460 792 528 εἷς
821 457 876 521 τὸν
906 460 939 521 ἐν
965 465 1033 529 ταῖς
1051 459 1153 528 Ἁλαῖς
1176 457 1278 540 πηλόν
1305 456 1363 520 ubi
1385 476 1495 541 neque

211 553 444 640 Araphenides
467 553 574 620 Halas
606 575 714 639 nequo
738 553 928 620 ononides
960 554 1019 620 sed
1049 553 1204 641 paludem
1236 553 1384 641 aliquam
1408 556 1499 620 inter

212 653 366 718 Piraeum
384 655 418 718 et
434 652 551 718 urbem
567 652 668 718 sitam
684 651 863 734 significari
879 653 953 738 ipsa
968 673 1021 718 res
1039 653 1143 731 docet,
1160 650 1200 717 ei.
1216 649 1359 733 ludoich,
1385 652 1496 737 Tepe-

213 751 348 837 graphie
365 771 432 816 von
448 750 561 815 Athen
576 771 606 835 p.
620 749 684 816 376
701 749 776 815 adn.
792 749 818 815 1.
853 751 900 815 At
915 751 949 816 in
966 750 1029 816 hac
1045 750 1178 834 regione
1195 749 1336 815 fertilem
1351 749 1497 815 fundum

213 852 314 935 atque
350 848 497 933 opimum
530 847 636 913 fuisse
666 868 764 914 nemo
797 851 850 913 est
880 848 937 934 qui
968 848 1070 932 dieat3
1104 847 1137 914 id
1169 849 1279 931 agitur
1308 850 1424 914 utrum
1455 847 1496 914 de

211 944 442 1013 ononidibus
466 966 510 1010 an
535 945 575 1011 do
591 945 858 1031 Araphenidihus
875 945 969 1012 Halis
985 944 1167 1012 Menander
1190 946 1397 1029 cogitauerit.
1433 947 1496 1011 At-

213 1066 278 1132 que
293 1043 375 1110 illud
393 1041 564 1109 contendit
574 1042 801 1109 Wilamowitz
817 1042 836 1108 l.
850 1065 875 1109 s.
891 1066 920 1130 p.
934 1044 999 1110 526
1016 1044 1170 1127 sagacius
1187 1046 1289 1131 atque
1306 1044 1496 1126 elegantius

213 1163 315 1230 quam
337 1143 462 1224 uerius;
487 1162 591 1228 quem.
609 1144 745 1207 secutus
770 1144 823 1206 est
845 1141 891 1207 Le
916 1139 1040 1228 Grand,
1063 1141 1144 1207 Rev.
1160 1142 1211 1207 nt.
1228 1139 1281 1208 Gr.
1305 1140 1383 1206 XVI
1409 1141 1497 1208 1903

212 1263 242 1328 p.
259 1241 325 1307 356
349 1261 388 1306 eo
414 1243 610 1321 argumento
635 1237 759 1321 adlato,
784 1239 873 1326 qued
896 1240 1044 1305 Aexonis
1068 1279 1112 1287 -
1135 1260 1204 1305 nen
1227 1239 1307 1324 ipsis
1331 1238 1428 1306 Hah‘s
1453 1280 1496 1288 —

211 1340 384 1406 theatrum
406 1337 508 1403 fuerit
530 1337 566 1401 in
589 1358 654 1422 quo
671 1337 846 1402 Menandri
868 1338 1075 1424 temporibus
1099 1336 1287 1403 comoedias
1308 1341 1404 1403 aetas
1421 1359 1497 1404 esse

212 1436 375 1504 traditum
399 1436 455 1519 sit3
480 1435 569 1522 qucd
593 1439 830 1518 argumentum
852 1457 920 1501 nen
943 1436 1087 1501 multum
1110 1435 1204 1501 ualet
1227 1435 1306 1522 quia
1328 1435 1364 1500 in
1378 1435 1498 1503 Attica

212 1535 339 1622 passim
354 1534 488 1600 theatra
510 1535 647 1599 fuerunt
668 1536 706 1599 ut
723 1532 843 1620 Oellyti
857 1533 984 1620 Phlyae
1001 1534 1131 1600 Thorici
1147 1532 1234 1615 olibi,
1255 1532 1294 1599 ci.
1311 1533 1495 1619 Hermann,

173 1701 175 1705 ,
213 1632 340 1700 Griech.
357 1633 593 1717 Antiquitaton
609 1631 686 1697 1112
709 1654 738 1718 p.
758 1631 820 1697 106
834 1654 891 1718 sq,
924 1632 960 1697 in
982 1632 1095 1717 primis
1119 1630 1194 1696 adn.
1211 1631 1241 1697 4.
1280 1630 1390 1727 Quare
1414 1633 1496 1718 quin

212 1731 308 1797 Hahs
339 1752 471 1818 queque
494 1729 763 1821 Araphenidihus
794 1730 966 1795 theatrum
996 1730 1099 1795 luisse
1121 1730 1229 1816 pessit
1251 1750 1321 1794 non
1344 1728 1496 1796 dubitem

214 1835 249 1896 et
270 1829 303 1895 id
327 1828 461 1915 quidem
484 1848 523 1894 ee
546 1828 667 1912 minus,
693 1826 780 1914 qued
796 1827 888 1892 haud
907 1828 1052 1894 inclarus
1068 1826 1134 1894 fuit
1153 1827 1208 1894 ille
1224 1833 1340 1913 pertus
1363 1828 1495 1895 Dianae

213 1927 424 1994 celeberrimo
440 1925 565 2012 templo
589 1933 736 2008 ornatuS,
761 1924 800 1990 ef.
818 1925 942 1991 eolhm.
958 1926 1054 1992 Dian.
1073 1927 1146 2010 173,
1171 1925 1292 1992 Strabo
1307 1926 1354 1991 IX
1372 1947 1403 2012 p.
1421 1927 1496 2012 399,

212 2026 244 2092 Χ
266 2048 296 2112 p.
312 2025 389 2110 446,
413 2024 566 2107 Bursian,
593 2021 800 2109 Geographie
823 2044 891 2089 von
908 2024 1152 2091 Grioehenland
1167 2025 1182 2089 Ι
1197 2046 1227 2111 p.
1244 2025 1310 2090 348
1323 2046 1393 2112 sqq.
1431 2027 1494 2091 At-

213 2145 277 2210 que
294 2123 425 2190 otiamsi
443 2123 614 2188 theatrum
629 2121 724 2188 Halia
741 2121 1010 2208 Araphenidihus
1025 2142 1094 2187 non
1109 2123 1239 2207 fuisset,
1263 2126 1381 2189 tamen
1396 2144 1495 2209 pesse

211 2223 348 2289 fabulae
364 2242 523 2287 scaenam
537 2220 662 2285 ibidem
678 2241 752 2286 esse
768 2221 883 2303 negari
898 2221 1023 2305 nequit.
1054 2222 1157 2305 Atqui
1168 2219 1343 2286 Menandri
1357 2219 1496 2289 fabulae

207 2323 328 2393 Ἀλαεῖς
351 2341 438 2407 quae
461 2319 649 2385 uocabatur
668 2339 826 2385 scaenam
841 2317 937 2383 Halis
953 2318 1222 2404 Araphenidihus
1238 2316 1343 2384 fuisse
1360 2322 1498 2387 constat

213 2441 255 2486 ex
270 2417 449 2484 Herodian.
465 2418 480 2482 Ι
502 2439 532 2502 p.
550 2416 681 2498 540,15
701 2416 817 2482 Lenta:
834 2418 923 2481 ‘Atat
945 2419 992 2488 ὡς
1014 2420 1069 2482 καὶ
1092 2419 1126 2482 ἐν
1149 2419 1285 2501 δράματι
1299 2419 1497 2503 Μενάνδρου

214 2519 277 2583 ἀπὸ
308 2524 366 2581 τοῦ
393 2519 598 2600 Ἀραφηνίσιν
627 2517 729 2586 Ἁλαῖς
762 2517 939 2580 διακεῖσθαι
961 2516 999 2578 τὰ
1025 2516 1205 2598 πράγματα,
1237 2517 1274 2587 ὅς
1305 2518 1367 2581 ἐστι
1397 2519 1496 2589 τόπος

208 2618 356 2698 Ἀττικῆς.
396 2614 509 2700 Steph.
526 2612 602 2700 Byr.
619 2612 677 2700 qui
691 2611 873 2678 Herodiani
893 2612 984 2678 libris
1008 2634 1090 2678 usus
1106 2616 1159 2678 est
1180 2613 1382 2699 1.s.p.ee,2
1399 2615 1494 2682 Mein.

213 2716 261 2785 ὡς
276 2715 330 2778 καὶ
346 2715 380 2777 ἐν
394 2720 451 2777 τῶι
467 2712 604 2795 δράματι
618 2713 816 2794 Μενάνδρου
834 2712 897 2776 ἀπὸ
913 2719 970 2775 τοῦ
982 2712 1301 2797 ἌραφηνίσινἋλαῖς
1318 2714 1495 2778 διακεῖσθαι

212 2813 250 2875 τὰ
266 2812 445 2895 πράγματα,
469 2813 505 2882 ὅς
525 2813 605 2875 ἐστιν
619 2812 717 2881 τόπος
735 2811 881 2893 Ἀττικῆς.
919 2809 1081 2875 Aneedot.
1098 2808 1152 2874 Gr.
1168 2810 1270 2876 Paris,
1286 2810 1301 2874 Ι
1315 2831 1346 2895 p.
1363 2809 1440 2892 397,
1452 2812 1494 2878 25

214 2908 347 2975 Cramer
374 2910 493 2980 Ἂλοεῖς
523 2909 631 2992 δρᾶμα
662 2909 858 2990 Μενάνδρου
890 2908 954 2972 ἀπὸ
984 2915 1040 2973 τοῦ
1072 2911 1106 2972 ἐν
1132 2909 1234 2979 Ἁλαῖς
1266 2909 1384 2989 (ἄλλοις
1416 2907 1492 2992 eod.)

213 3008 420 3092 Ἄραφηνίοις
444 3007 522 3090 (sici)
546 3009 745 3072 ὑποκεῖσθαι.
780 3007 898 3093 ltaque
914 3004 1135 3071 Menandrum
1158 3005 1193 3070 in
1216 3003 1493 3073 Hauteniimoru-

213 3127 311 3171 meno
325 3126 456 3191 quoquo
467 3105 601 3171 easdem
609 3105 714 3195 Hales
723 3103 952 3191 Araphenides
964 3103 1130 3169 indicasse
1142 3103 1494 3173 ueriestsimilhmum.

213 3203 341 3270 Deinde
365 3206 399 3268 ἐν
415 3211 478 3275 τοῖς
493 3199 625 3292 τρισί<ν>
640 3229 674 3286 γε
696 3200 925 3268 Reitzenstein
942 3205 1031 3266 recte
1049 3201 1197 3284 coniecit,
1227 3200 1267 3266 cf.
1283 3202 1438 3285 Γεωργός
1454 3205 1494 3269 52

214 3306 303 3386 ἔσχεν
318 3304 412 3374 πάνυ,
438 3301 482 3366 60
502 3304 645 3376 ἀπένιζεν
661 3309 782 3384 φαγεῖν,
807 3300 918 3373 Κόλαξ
933 3300 975 3364 57
992 3301 1194 3365 ἀπολώλεκεν
1208 3302 1321 3384 μόνον,
1347 3300 1391 3366 62
1407 3304 1493 3386 ἀνήι-

135 3456 136 3460 ,
214 3426 313 3486 ρηκεν
341 3401 452 3484 μόνον,
484 3398 528 3464 64
559 3402 640 3463 ἔστιν
670 3402 747 3462 ποτέ
770 3396 820 3478 (ef.
844 3418 874 3482 p.
896 3397 957 3479 67).
1012 3397 1076 3462 Sed
1108 3398 1196 3484 qued
1227 3400 1267 3462 ut
1297 3398 1361 3463 hoe
1391 3399 1494 3464 inier-

213 3500 363 3584 pretetur
378 3496 485 3583 porgit
501 3498 548 3560 ’τὰ
560 3499 628 3580 τρία
640 3496 726 3560 κακὰ
742 3495 919 3561 notissima
932 3497 1012 3560 sunt
1023 3495 1145 3582 quibus
1156 3496 1299 3560 fortasse
1312 3497 1495 3581 responde·

213 3596 298 3662 bant
320 3597 357 3660 τά
381 3598 450 3678 τρία
474 3596 606 3677 ἀγαθά,
631 3592 744 3658 uerius
767 3592 1004 3676 Wilamowitz,
1029 3614 1128 3678 quem
1150 3593 1196 3658 Lo
1222 3591 1336 3658 Grand
1360 3597 1496 3660 secutus

214 3697 276 3776 est,
308 3693 327 3758 l.
352 3715 376 3758 s,
401 3692 481 3758 dicit
504 3693 569 3757 ‘ein
593 3689 809 3756 Grundstiiek
831 3691 867 3755 in
889 3690 999 3775 Halai,
1025 3693 1117 3757 einos
1141 3691 1199 3756 dor
1222 3690 1242 3755 3
1266 3690 1398 3776 bosten,
1423 3713 1497 3759 was

213 3791 412 3858 vormutlich
442 3790 529 3855 noch
553 3789 627 3855 eino
650 3789 703 3854 iiir
725 3789 843 3855 immor
866 3788 1104 3855 unkenntliche
1127 3789 1320 3872 Beziohung
1343 3790 1496 3858 enthelt'.

213 3890 329 3976 Neque
353 3888 443 3954 enim
463 3887 597 3953 omnine
614 3887 764 3954 hocloco
779 3889 816 3952 τά
833 3891 901 3972 τρία
917 3890 1025 3971 ἀγαθὰ
1042 3889 1200 3974 seriptum
1216 3886 1371 3953 uidemus
1387 3909 1498 3975 neque

213 3987 301 4053 hane
316 3986 528 4068 locutionem,
545 3986 604 4051 ubi
620 3987 761 4052 occurrit
777 3986 884 4052 ueluti
900 3985 990 4072 apud
1003 3985 1170 4052 Critonem
1184 3987 1321 4070 poetam
1333 3988 1499 4054 comicum

212 4083 251 4151 ir.
268 4085 298 4168 3,
313 4083 384 4151 6Κ.
401 4082 482 4148 OAF
497 4084 541 4149 ΠΙ
556 4106 586 4170 p.
603 4085 677 4167 354,
703 4084 878 4170 prouerbio
895 4083 942 4148 illi
964 4085 1001 4148 τά
1017 4087 1086 4167 τρία
1102 4085 1188 4148 κακά
1211 4081 1412 4169 respondere
1430 4084 1497 4152 ulle

212 4180 311 4248 mode
335 4185 446 4268 potest
471 4183 700 4248 demonstrari.
735 4182 886 4268 Denique
902 4181 1122 4247 Menandrum
1139 4202 1220 4248 uoco
1236 4185 1381 4247 ἄστικτον
1397 4204 1500 4250 usum

213 4302 287 4348 esse
312 4302 354 4347 ex
369 4280 407 4347 fr.
424 4281 489 4348 968
501 4282 541 4347 K.
565 4281 646 4347 CAF
662 4281 706 4346 ΙΙΙ
722 4303 751 4367 p.
768 4279 834 4347 247
858 4279 1061 4363 intellegitur
1084 4284 1227 4347 ἄστικτον
1249 4283 1381 4365 χωρίον,
1408 4281 1499 4368 qued

211 4378 440 4463 fragmentum
463 4401 505 4445 ox
528 4381 602 4466 ipsa
624 4379 688 4444 hac
711 4378 830 4444 fabula
854 4380 1056 4464 exscriptum
1080 4401 1153 4445 esso
1177 4381 1300 4466 putem.
1339 4379 1389 4446 De
1414 4399 1501 4447 uoco
