3098 4956
670 241 891 306 „14-

131 421 318 504 calamitae,
342 441 410 486 non
426 420 552 503 abibat,
578 420 636 486 sed
652 419 720 485 iarn
736 417 793 484 diu
809 419 949 505 abierat,
971 441 1115 507 peregre,
1134 419 1282 488 corinthi
1298 443 1415 488 uersa-

133 520 241 586 batur.
287 518 468 584 Praeterea
498 538 540 583 ex
571 519 619 584 eis
643 538 729 604 quae
761 519 948 603 sequuntur
970 519 1034 583 hoc
1056 519 1086 585 7.
1107 538 1208 584 uersu
1232 518 1415 585 ‘redeundi’

131 619 303 684 notionem
334 637 408 683 esse
440 615 690 702 exprimendam
720 613 869 700 adparet,
901 614 935 681 id
966 614 1055 702 quod
1087 614 1230 682 editores
1259 616 1416 683 Britanni

135 718 346 798 agnouerunt
369 735 444 780 cum
459 734 490 799 p.
507 713 549 779 19
565 715 752 779 uerterunt:
776 712 976 796 ‘Returning
991 715 1029 779 at
1044 715 1208 797 evoning'.
1244 713 1309 780 Sed
1325 714 1416 801 quod

132 815 239 879 ἐλθὼν
270 812 522 900 suppleuerunt,
553 811 668 877 malim
691 809 959 895 Dziatzkonem1)
992 815 1129 877 secutus
1158 812 1299 878 scribere
1323 817 1416 897 ἥκων

131 912 257 977 ‘redux'
286 909 326 976 cf.
357 909 528 976 Demosth.
552 908 615 974 XX
631 908 672 973 81
702 929 731 994 p.
755 908 831 991 478,
846 909 888 975 27
901 929 983 995 sqq.:
1014 912 1131 992 λέγεται
1160 912 1265 976 τοίνυν
1295 913 1416 984 ἐκεῖνος

132 1012 270 1093 τειχίζειν
292 1010 392 1074 εἰπὼν
413 1015 477 1080 τοᾷ
491 1009 639 1082 πολίταις,
663 1009 725 1071 κᾶν
740 1009 913 1090 ἀφικνῆταί
924 1032 969 1078 τις
985 1009 1248 1091 Λακεδαιμόνιος,
1272 1011 1416 1093 κατέχειν

132 1110 282 1180 κελεύσας
313 1108 456 1191 οἴχεσθαι
485 1106 674 1190 πρεσβεύων
704 1104 799 1177 αὐτὸς
830 1107 877 1177 ὡς
905 1105 979 1178 τοὺς
1002 1107 1285 1189 Λακεδαιμονίους·
1308 1108 1417 1190 λόγων

48 1280 50 1286 ,
133 1206 167 1271 ἀὲ
192 1209 387 1289 γιγνομένων
410 1207 477 1269 ἐκεῖ
495 1206 552 1269 καί
570 1228 665 1268 τινων
689 1204 951 1286 ἀπαγγελλόντων
974 1206 1021 1275 ὡς
1044 1206 1205 1288 Ἀθηναῖοι
1223 1194 1416 1288 τειχίζουάιν,

131 1306 296 1387 ἀρνεῖσθαι
326 1305 379 1368 καὶ
409 1304 556 1386 πρέσβεις
585 1304 720 1385 πέμπειν
751 1304 974 1385 σκεψομένους
996 1304 1141 1374 κελεύειν,
1176 1303 1281 1386 ἐπειδὴ
1307 1304 1341 1367 δ’
1354 1306 1415 1388 οὐχ

133 1401 214 1485 ἧκον
237 1401 332 1474 οὗτοι,
354 1403 489 1485 πέμπειν
512 1402 639 1484 ἑτέρους
660 1407 832 1482 παραινεῖν.
870 1400 921 1465 Ac
945 1420 1020 1465 cum
1044 1398 1107 1465 hoc
1131 1400 1232 1465 uerbo
1258 1399 1416 1484 coniungi

133 1520 232 1585 posse
256 1500 320 1565 ὑπὸ
339 1501 437 1564 νύκτα
460 1499 564 1580 negat
579 1496 699 1562 Kaibel
721 1495 782 1562 ts.
798 1518 829 1582 p.
848 1496 911 1563 152
934 1497 1010 1563 adn.
1028 1497 1062 1562 3:
1086 1496 1210 1562 ‘Wenn
1234 1496 1292 1563 der
1313 1498 1417 1584 junge

132 1596 238 1664 Mann
268 1598 337 1663 erst
367 1615 473 1680 gegcn
503 1594 623 1661 Abend
653 1593 741 1660 nach
768 1594 882 1660 Athen
912 1594 1164 1678 zuriickkehrte,
1196 1594 1324 1662 konnte
1355 1594 1417 1661 das

136 1694 241 1760 Stilok
271 1693 359 1760 auch
390 1696 459 1759 crst
489 1713 596 1777 gagen
618 1690 739 1758 Abend
762 1692 948 1775 beginnen?
995 1695 1041 1760 At
1063 1692 1186 1759 iniuria
1207 1695 1330 1779 pressit
1352 1694 1418 1758 ὑπὸ

135 1795 242 1876 νύκτα,
266 1793 425 1879 quoniam
447 1790 511 1857 hoc
533 1811 601 1856 non
624 1790 734 1856 solum
756 1791 831 1857 ‘sub
847 1794 1000 1874 noctem',
1023 1811 1141 1857 uerum
1165 1792 1267 1856 etiarn
1290 1794 1417 1858 ‘noctu’

133 1893 220 1958 solet
235 1891 424 1974 significare
441 1888 769 1973 cf.Ki1hner-Gcrth,
787 1887 958 1955 Ausfirhrl.
974 1888 1119 1955 Gramm.
1136 1889 1165 1954 d.
1181 1911 1227 1973 gr.
1244 1889 1419 1976 Spracho⁸

130 1989 198 2055 111
222 2012 252 2076 p.
269 1989 343 2055 525.
388 1989 505 2075 Neque
536 1987 751 2070 intellegitur,
784 2007 841 2053 cur
872 1987 1070 2053 adulescens
1093 2008 1162 2052 non
1184 1989 1291 2074 possit
1314 1991 1420 2054 noctu

134 2085 269 2170 redisse,
300 2085 411 2153 frusta
437 2089 569 2173 patrem
599 2088 639 2150 ut
662 2085 702 2151 de
727 2083 863 2151 consilio
887 2084 1065 2151 desisteret
1087 2084 1328 2172 implorauisse,
1360 2108 1420 2173 per

133 2188 267 2251 noctem
298 2183 420 2268 uigiliis
444 2186 591 2249 uexatus
613 2203 703 2248 nunc
725 2182 832 2268 prima
854 2181 928 2248 luce
952 2183 1049 2250 domo
1074 2205 1228 2268 egressus
1252 2204 1336 2268 esse,
1367 2184 1420 2250 ita

133 2286 174 2348 ut
195 2284 271 2369 ipsa
292 2281 410 2349 fabula
432 2302 532 2348 mane
555 2280 693 2366 incipiat
715 2280 822 2346 ueluti
837 2280 1012 2347 Menandri
1029 2283 1219 2366 Ἐπίκληρος
1241 2281 1280 2348 fr.
1299 2281 1363 2347 164
1378 2281 1419 2350 K

134 2381 217 2448 CAV
239 2381 284 2447 HI
306 2403 336 2468 p.
352 2381 410 2466 483
439 2378 478 2446 cf.
502 2378 663 2444 Dziatzko
686 2380 706 2445 l.
728 2400 752 2444 s.
775 2400 806 2465 p.
822 2379 887 2445 503
901 2401 959 2466 sq,
983 2401 1013 2466 p.
1030 2379 1097 2446 504
1120 2378 1195 2444 adn.
1213 2381 1241 2444 1.
1288 2378 1355 2446 Sed
1379 2382 1420 2445 ut

134 2478 270 2546 redeam
286 2479 330 2546 ad
340 2499 476 2546 uersum
485 2477 515 2562 6,
529 2474 769 2567 [κακοδαίμον’
787 2480 876 2544 stare
892 2478 960 2545 iam
971 2499 1040 2544 non
1051 2480 1172 2564 potest,
1188 2498 1264 2544 oum
1280 2479 1418 2544 ἀπανθ’
1456 2485 1458 2489 ’

135 2577 347 2664 improbetur.
403 2576 473 2643 Nec
503 2575 614 2662 placet
646 2572 848 2665 [ἀπόόη]μον.
905 2576 992 2641 Nam
1023 2574 1140 2641 uideas
1172 2596 1297 2662 quaeso
1331 2596 1420 2661 quae

136 2675 258 2741 Moeris
273 2676 433 2742 Atticista
449 2676 598 2761 exponat
619 2696 649 2761 p.
667 2674 731 2740 143
748 2675 915 2758 Ἔκδημος
933 2675 1092 2750 Ἀττικῶς,
1117 2675 1289 2757 ἀπόδημος
1308 2674 1419 2758 Ἐλλη-

135 2781 233 2846 νικῶς
257 2777 292 2839 et
314 2794 401 2860 quae
416 2772 554 2838 Pierson
569 2772 633 2837 hoc
648 2770 720 2838 loco
737 2772 878 2837 adnotet
893 2769 1060 2858 exempla3
1084 2792 1102 2837 e
1119 2771 1240 2857 quibus
1257 2771 1419 2859 exemplis

134 2868 300 2960 [ἔκδημον
330 2868 541 2936 scribendum
573 2890 648 2934 esse
680 2889 869 2952 cognosces.
915 2871 964 2935 Ac
994 2867 1083 2956 quod
1113 2868 1197 2935 haec
1228 2869 1420 2936 coniectura

136 2969 269 3034 adeum
285 2968 472 3034 litterarum
486 2987 662 3032 numerum
678 2987 779 3053 quem
793 2967 919 3053 perisse
936 2967 1079 3034 editores
1091 2966 1275 3047 Britannici
1287 2967 1419 3055 docent,

136 3087 204 3132 non
228 3067 362 3133 omnino
387 3064 540 3153 quadrat,
564 3064 666 3131 uelim
689 3064 841 3131 conseras
865 3087 952 3153 quae
975 3067 1066 3131 recte
1088 3065 1153 3131 hac
1177 3066 1217 3131 de
1240 3086 1275 3130 re
1297 3064 1421 3131 Kaibel

136 3163 156 3231 l.
170 3186 195 3232 s.
211 3187 241 3250 p.
255 3165 320 3230 152
336 3163 412 3231 adn.
425 3165 445 3232 3
463 3163 632 3251 exposuit:
649 3163 790 3230 ‘scheint
806 3162 864 3230 der
875 3163 1050 3230 Schreiber
1065 3162 1124 3229 des
1135 3162 1419 3250 Papyrusbandes

136 3263 257 3347 gerade
290 3285 334 3328 an
365 3263 473 3329 dieser
496 3262 598 3329 Stella
629 3260 866 3346 gleichmtissige
890 3261 1141 3328 Zeilenanstttze
1172 3259 1265 3326 nicht
1292 3260 1420 3327 beliebt

138 3384 179 3427 zu
202 3360 322 3427 haben.
358 3361 396 3427 V.
414 3361 524 3427 3-12
548 3361 653 3426 sollen
676 3358 764 3425 nach
788 3359 845 3424 der
866 3358 1008 3441 Angabe
1032 3357 1090 3424 der
1114 3357 1306 3441 anglischen
1328 3359 1419 3424 Aus-

137 3459 223 3543 gabe
246 3480 309 3524 nur
331 3461 362 3545 jc
386 3459 483 3525 sechs
506 3457 723 3524 Buchstaben
745 3455 869 3540 fehlen,
903 3455 1065 3523 wiihrend
1089 3455 1173 3522 doch
1197 3456 1301 3523 sehon
1323 3455 1362 3522 V.
1387 3457 1419 3541 3,

138 3560 203 3624 wic
228 3557 281 3622 die
304 3555 562 3638 vollsti'rndigere
586 3543 838 3636 Uberlielerung
860 3551 919 3619 des
936 3553 1056 3620 Verses
1081 3556 1177 3639 zeigt,
1203 3554 1304 3620 deren
1327 3576 1419 3621 noun

140 3653 349 3720 erforderlich
381 3652 465 3736 sind,
497 3650 567 3718 und
589 3652 628 3719 V.
646 3654 686 3716 11
712 3651 774 3718 das
797 3673 903 3736 ganzo
926 3650 1081 3718 fehlende
1104 3652 1235 3718 Metron
1259 3653 1330 3718 sich
1353 3673 1419 3717 un-

139 3751 281 3836 miiglich
312 3752 374 3818 mit
395 3751 492 3818 sechs
515 3749 732 3817 Buchstaben
755 3754 917 3834 ergitnzen
941 3749 1020 3817 latr.
1065 3750 1313 3834 Ebensowenig
1334 3749 1420 3818 wird

138 3873 218 3916 man
241 3852 280 3919 V.
297 3850 339 3917 13
370 3850 432 3915 mit
462 3849 616 3916 dreizehn
638 3849 855 3915 Buchstaben
886 3847 1116 3932 auskommen,
1148 3848 1203 3914 fiir
1234 3849 1286 3914 die
1317 3847 1421 3916 allein

62 4004 71 4023 ,
140 3949 198 4015 der
212 3950 321 4015 Raum
336 3949 510 4014 bestimmt
532 3948 604 4014 sein
627 3947 699 4030 soll,
723 3947 794 4013 und
815 3947 903 4013 noch
926 3948 1073 4030 weniger
1089 3947 1128 4013 V.
1145 3945 1187 4012 16
1211 3944 1273 4011 mit
1295 3946 1420 4012 vieren.

140 4048 255 4129 Einige
277 4045 423 4113 Freiheit
452 4047 488 4111 in
512 4045 569 4112 der
592 4045 791 4130 Ergtnzung
813 4043 892 4110 muli
915 4045 987 4110 also
1011 4043 1240 4127 zugestanden
1262 4043 1419 4113 werden?

140 4144 212 4210 lam
242 4144 321 4230 quid
352 4145 396 4210 sit
426 4143 508 4211 illud
539 4146 745 4230 συμβεβηκός
774 4142 901 4208 indicat
931 4141 1127 4207 adulescens
1153 4142 1294 4228 septimo
1318 4163 1421 4208 uersu

144 4245 289 4309 exeunte
327 4264 349 4308 a
385 4243 519 4310 librario
559 4244 606 4308 sic
645 4244 797 4328 corrupto
833 4239 1419 4307 ΓΙΝΟΜΕΝΗΤΟῩΣΓΑΜΟΥΣ.

247 4475 265 4545 ¹)
285 4474 333 4548 qui
355 4470 384 4528 ἀλ
408 4444 567 4543 a‘oeorgro
585 4473 686 4528 Kaibel
711 4471 837 4528 additum
861 4470 921 4526 iure
943 4470 1110 4543 repudiauit
1147 4470 1219 4526 Nam
1238 4472 1261 4526 si
1280 4470 1420 4542 particula

126 4555 246 4608 omnino
266 4556 449 4622 desideretur
467 4550 521 4626 γὰρ
540 4557 675 4626 expectes
693 4552 806 4626 adponi.
