<?xml version="1.0" encoding="UTF-8"?>
<!DOCTYPE html PUBLIC "-//W3C//DTD XHTML 1.0 Transitional//EN"
    "http://www.w3.org/TR/xhtml1/DTD/xhtml1-transitional.dtd">
<html xmlns="http://www.w3.org/1999/xhtml" xml:lang="en" lang="en">
 <head>
  <title>
</title>
<meta http-equiv="Content-Type" content="text/html;charset=utf-8" />
  <meta name='ocr-system' content='tesseract 3.04.00' />
  <meta name='ocr-capabilities' content='ocr_page ocr_carea ocr_par ocr_line ocrx_word'/>
</head>
<body>
  <div class='ocr_page' id='page_1' title='image "./demenandrireliq01kretgoog_0033.png"; bbox 0 0 3098 4956; ppageno 0'>
   <div class='ocr_carea' id='block_1_1' title="bbox 656 274 879 340">
    <p class='ocr_par' dir='ltr' id='par_1_1' title="bbox 656 274 879 340">
     <span class='ocr_line' id='line_1_1' title="bbox 656 274 879 340; baseline 0 -18"><span class='ocrx_word' id='word_1_1' title='bbox 656 274 879 340; x_wconf 74' lang='lat'><strong>-26-</strong></span> 
     </span>
    </p>
   </div>
   <div class='ocr_carea' id='block_1_2' title="bbox 128 450 1405 734">
    <p class='ocr_par' dir='ltr' id='par_1_2' title="bbox 128 450 1405 734">
     <span class='ocr_line' id='line_1_2' title="bbox 129 450 1403 540; baseline -0.002 -22"><span class='ocrx_word' id='word_1_2' title='bbox 129 455 209 540; x_wconf 92' lang='lat' dir='ltr'>quin</span> <span class='ocrx_word' id='word_1_3' title='bbox 224 451 406 518; x_wconf 81' lang='lat' dir='ltr'>Menander</span> <span class='ocrx_word' id='word_1_4' title='bbox 421 452 492 538; x_wconf 88' lang='lat' dir='ltr'>ipse</span> <span class='ocrx_word' id='word_1_5' title='bbox 509 451 692 518; x_wconf 89' lang='lat' dir='ltr'>secundum</span> <span class='ocrx_word' id='word_1_6' title='bbox 709 472 791 517; x_wconf 89' lang='lat' dir='ltr'>suae</span> <span class='ocrx_word' id='word_1_7' title='bbox 809 452 932 518; x_wconf 89' lang='lat' dir='ltr'>aetatis</span> <span class='ocrx_word' id='word_1_8' title='bbox 949 473 1048 517; x_wconf 90' lang='lat' dir='ltr'>usum</span> <span class='ocrx_word' id='word_1_9' title='bbox 1065 450 1403 538; x_wconf 77' lang='lat' dir='ltr'>consuetudinemque</span> 
     </span>
     <span class='ocr_line' id='line_1_3' title="bbox 128 548 1405 636; baseline 0 -20"><span class='ocrx_word' id='word_1_10' title='bbox 128 560 216 617; x_wconf 83' lang='grc' dir='ltr'><em>ποεῖν</em></span> <span class='ocrx_word' id='word_1_11' title='bbox 229 551 349 632; x_wconf 79' lang='lat' dir='ltr'><strong>similia</strong></span> <span class='ocrx_word' id='word_1_12' title='bbox 361 550 538 636; x_wconf 79' lang='lat' dir='ltr'><strong>scripserit,</strong></span> <span class='ocrx_word' id='word_1_13' title='bbox 552 550 715 615; x_wconf 90' lang='lat' dir='ltr'>eominus</span> <span class='ocrx_word' id='word_1_14' title='bbox 729 553 781 615; x_wconf 86' lang='lat' dir='ltr'>est</span> <span class='ocrx_word' id='word_1_15' title='bbox 793 548 930 615; x_wconf 90' lang='lat' dir='ltr'>dubium</span> <span class='ocrx_word' id='word_1_16' title='bbox 943 571 1007 636; x_wconf 92' lang='lat' dir='ltr'>quo</span> <span class='ocrx_word' id='word_1_17' title='bbox 1020 549 1127 632; x_wconf 87' lang='lat' dir='ltr'>magis</span> <span class='ocrx_word' id='word_1_18' title='bbox 1142 571 1184 615; x_wconf 88' lang='lat' dir='ltr'>ex</span> <span class='ocrx_word' id='word_1_19' title='bbox 1199 548 1236 614; x_wconf 87' lang='lat' dir='ltr'>fr.</span> <span class='ocrx_word' id='word_1_20' title='bbox 1250 549 1405 632; x_wconf 68' lang='grc'><strong>5411111.</strong></span> 
     </span>
     <span class='ocr_line' id='line_1_4' title="bbox 129 647 1228 734; baseline -0.002 -20"><span class='ocrx_word' id='word_1_21' title='bbox 129 649 211 714; x_wconf 79' lang='lat' dir='ltr'>OAF</span> <span class='ocrx_word' id='word_1_22' title='bbox 227 649 270 713; x_wconf 93' lang='grc' dir='ltr'>ΠΙ</span> <span class='ocrx_word' id='word_1_23' title='bbox 293 669 323 734; x_wconf 91' lang='lat' dir='ltr'>p.</span> <span class='ocrx_word' id='word_1_24' title='bbox 340 647 405 713; x_wconf 85' lang='grc'>162</span> <span class='ocrx_word' id='word_1_25' title='bbox 437 648 586 714; x_wconf 91' lang='lat' dir='ltr'>codicum</span> <span class='ocrx_word' id='word_1_26' title='bbox 618 669 657 713; x_wconf 91' lang='lat' dir='ltr'>ac</span> <span class='ocrx_word' id='word_1_27' title='bbox 688 647 867 713; x_wconf 79' lang='lat' dir='ltr'>memoriae</span> <span class='ocrx_word' id='word_1_28' title='bbox 899 649 984 712; x_wconf 87' lang='lat' dir='ltr'>ratio</span> <span class='ocrx_word' id='word_1_29' title='bbox 1019 649 1228 730; x_wconf 75' lang='lat' dir='ltr'>cognoscitur</span> 
     </span>
    </p>
   </div>
   <div class='ocr_carea' id='block_1_3' title="bbox 341 765 1068 848">
    <p class='ocr_par' dir='ltr' id='par_1_3' title="bbox 341 765 1068 848">
     <span class='ocr_line' id='line_1_5' title="bbox 341 765 1068 848; baseline 0 -20"><span class='ocrx_word' id='word_1_30' title='bbox 341 765 493 848; x_wconf 72' lang='lat' dir='ltr'>pdoocudv</span> <span class='ocrx_word' id='word_1_31' title='bbox 515 767 669 848; x_wconf 82' lang='grc' dir='ltr'><em>πεποίηκε</em></span> <span class='ocrx_word' id='word_1_32' title='bbox 692 765 746 828; x_wconf 82' lang='grc' dir='ltr'>καὶ</span> <span class='ocrx_word' id='word_1_33' title='bbox 767 766 891 846; x_wconf 83' lang='grc' dir='ltr'><em>ποιήσει</em></span> <span class='ocrx_word' id='word_1_34' title='bbox 913 765 967 827; x_wconf 80' lang='grc' dir='ltr'>καὶ</span> <span class='ocrx_word' id='word_1_35' title='bbox 989 771 1068 828; x_wconf 84' lang='grc' dir='ltr'>ποεῖ.</span> 
     </span>
    </p>
   </div>
   <div class='ocr_carea' id='block_1_4' title="bbox 128 877 1409 1356">
    <p class='ocr_par' dir='ltr' id='par_1_4' title="bbox 128 877 1409 1356">
     <span class='ocr_line' id='line_1_6' title="bbox 129 877 1405 962; baseline -0.002 -17"><span class='ocrx_word' id='word_1_36' title='bbox 129 881 200 962; x_wconf 78' lang='lat' dir='ltr'>Quo</span> <span class='ocrx_word' id='word_1_37' title='bbox 229 880 265 945; x_wconf 91' lang='lat' dir='ltr'>in</span> <span class='ocrx_word' id='word_1_38' title='bbox 295 901 396 945; x_wconf 92' lang='lat' dir='ltr'>uersu</span> <span class='ocrx_word' id='word_1_39' title='bbox 427 900 502 945; x_wconf 88' lang='lat' dir='ltr'>curn</span> <span class='ocrx_word' id='word_1_40' title='bbox 533 900 575 944; x_wconf 86' lang='lat' dir='ltr'>ex</span> <span class='ocrx_word' id='word_1_41' title='bbox 597 879 754 944; x_wconf 89' lang='lat' dir='ltr'>Uossiani</span> <span class='ocrx_word' id='word_1_42' title='bbox 786 877 905 944; x_wconf 89' lang='lat' dir='ltr'>codicis</span> <span class='ocrx_word' id='word_1_43' title='bbox 928 877 1072 944; x_wconf 91' lang='lat' dir='ltr'>lectione</span> <span class='ocrx_word' id='word_1_44' title='bbox 1095 886 1170 944; x_wconf 82' lang='grc' dir='ltr'>ποεῖ</span> <span class='ocrx_word' id='word_1_45' title='bbox 1189 877 1405 944; x_wconf 82' lang='lat' dir='ltr'>Menandrum</span> 
     </span>
     <span class='ocr_line' id='line_1_7' title="bbox 129 975 1405 1064; baseline -0.002 -20"><span class='ocrx_word' id='word_1_46' title='bbox 129 979 299 1064; x_wconf 86' lang='lat' dir='ltr'>scripsisse</span> <span class='ocrx_word' id='word_1_47' title='bbox 323 979 474 1063; x_wconf 89' lang='lat' dir='ltr'>apertum</span> <span class='ocrx_word' id='word_1_48' title='bbox 500 977 554 1061; x_wconf 89' lang='lat' dir='ltr'>sit,</span> <span class='ocrx_word' id='word_1_49' title='bbox 586 997 684 1042; x_wconf 91' lang='lat' dir='ltr'>nemo</span> <span class='ocrx_word' id='word_1_50' title='bbox 714 980 767 1042; x_wconf 90' lang='lat' dir='ltr'>est</span> <span class='ocrx_word' id='word_1_51' title='bbox 790 977 847 1063; x_wconf 92' lang='lat' dir='ltr'>qui</span> <span class='ocrx_word' id='word_1_52' title='bbox 870 979 967 1063; x_wconf 87' lang='lat' dir='ltr'>putet</span> <span class='ocrx_word' id='word_1_53' title='bbox 990 997 1058 1041; x_wconf 93' lang='lat' dir='ltr'>non</span> <span class='ocrx_word' id='word_1_54' title='bbox 1080 975 1241 1060; x_wconf 67' lang='lat' dir='ltr'>librarios</span> <span class='ocrx_word' id='word_1_55' title='bbox 1268 997 1405 1063; x_wconf 91' lang='lat' dir='ltr'>quorum</span> 
     </span>
     <span class='ocr_line' id='line_1_8' title="bbox 128 1074 1406 1163; baseline -0.002 -21"><span class='ocrx_word' id='word_1_56' title='bbox 128 1075 333 1163; x_wconf 78' lang='lat' dir='ltr'>temporibus</span> <span class='ocrx_word' id='word_1_57' title='bbox 357 1096 454 1141; x_wconf 92' lang='lat' dir='ltr'>nemo</span> <span class='ocrx_word' id='word_1_58' title='bbox 479 1096 561 1140; x_wconf 91' lang='lat' dir='ltr'>sane</span> <span class='ocrx_word' id='word_1_59' title='bbox 584 1083 659 1140; x_wconf 80' lang='grc' dir='ltr'>ποεῖ</span> <span class='ocrx_word' id='word_1_60' title='bbox 679 1074 799 1140; x_wconf 92' lang='lat' dir='ltr'>similia</span> <span class='ocrx_word' id='word_1_61' title='bbox 823 1074 998 1156; x_wconf 83' lang='lat' dir='ltr'>scribebat,</span> <span class='ocrx_word' id='word_1_62' title='bbox 1028 1095 1088 1140; x_wconf 89' lang='lat' dir='ltr'>seu</span> <span class='ocrx_word' id='word_1_63' title='bbox 1112 1075 1326 1157; x_wconf 80' lang='lat' dir='ltr'>neglegentia</span> <span class='ocrx_word' id='word_1_64' title='bbox 1350 1096 1406 1140; x_wconf 90' lang='lat' dir='ltr'>seu</span> 
     </span>
     <span class='ocr_line' id='line_1_9' title="bbox 129 1171 1407 1258; baseline -0.002 -18"><span class='ocrx_word' id='word_1_65' title='bbox 129 1173 265 1240; x_wconf 90' lang='lat' dir='ltr'>oonsilio</span> <span class='ocrx_word' id='word_1_66' title='bbox 290 1171 330 1239; x_wconf 93' lang='lat' dir='ltr'>de</span> <span class='ocrx_word' id='word_1_67' title='bbox 359 1194 420 1238; x_wconf 92' lang='lat' dir='ltr'>suo</span> <span class='ocrx_word' id='word_1_68' title='bbox 444 1175 605 1255; x_wconf 88' lang='lat' dir='ltr'>mutasse,</span> <span class='ocrx_word' id='word_1_69' title='bbox 638 1171 697 1237; x_wconf 90' lang='lat' dir='ltr'>sed</span> <span class='ocrx_word' id='word_1_70' title='bbox 727 1173 837 1258; x_wconf 92' lang='lat' dir='ltr'>ipsum</span> <span class='ocrx_word' id='word_1_71' title='bbox 860 1176 996 1257; x_wconf 89' lang='lat' dir='ltr'>poetam</span> <span class='ocrx_word' id='word_1_72' title='bbox 1019 1173 1054 1237; x_wconf 93' lang='lat' dir='ltr'>in</span> <span class='ocrx_word' id='word_1_73' title='bbox 1078 1171 1193 1237; x_wconf 92' lang='lat' dir='ltr'>eodem</span> <span class='ocrx_word' id='word_1_74' title='bbox 1217 1193 1285 1237; x_wconf 92' lang='lat' dir='ltr'>uno</span> <span class='ocrx_word' id='word_1_75' title='bbox 1311 1193 1407 1237; x_wconf 92' lang='lat' dir='ltr'>uersu</span> 
     </span>
     <span class='ocr_line' id='line_1_10' title="bbox 128 1268 1409 1356; baseline -0.002 -19"><span class='ocrx_word' id='word_1_76' title='bbox 128 1271 223 1337; x_wconf 90' lang='lat' dir='ltr'>uerbi</span> <span class='ocrx_word' id='word_1_77' title='bbox 247 1270 397 1336; x_wconf 90' lang='lat' dir='ltr'>eiusdem</span> <span class='ocrx_word' id='word_1_78' title='bbox 422 1269 597 1335; x_wconf 80' lang='lat' dir='ltr'>admisisse</span> <span class='ocrx_word' id='word_1_79' title='bbox 622 1271 802 1356; x_wconf 90' lang='lat' dir='ltr'>scripturas</span> <span class='ocrx_word' id='word_1_80' title='bbox 827 1268 920 1335; x_wconf 88' lang='lat' dir='ltr'>duas.</span> <span class='ocrx_word' id='word_1_81' title='bbox 960 1269 1054 1350; x_wconf 79' lang='lat' dir='ltr'>Quod</span> <span class='ocrx_word' id='word_1_82' title='bbox 1071 1291 1149 1335; x_wconf 92' lang='lat' dir='ltr'>uero</span> <span class='ocrx_word' id='word_1_83' title='bbox 1165 1269 1227 1354; x_wconf 90' lang='lat' dir='ltr'>bis,</span> <span class='ocrx_word' id='word_1_84' title='bbox 1252 1270 1286 1334; x_wconf 94' lang='lat' dir='ltr'>in</span> <span class='ocrx_word' id='word_1_85' title='bbox 1311 1269 1409 1334; x_wconf 86' lang='lat' dir='ltr'>huius</span> 
     </span>
    </p>
   </div>
   <div class='ocr_carea' id='block_1_5' title="bbox 130 1366 1409 1552">
    <p class='ocr_par' dir='ltr' id='par_1_5' title="bbox 130 1366 1409 1552">
     <span class='ocr_line' id='line_1_11' title="bbox 130 1366 1409 1533; baseline -0.002 -99"><span class='ocrx_word' id='word_1_86' title='bbox 130 1370 270 1533; x_wconf 47' lang='lat' dir='ltr'>ghrpffi</span> <span class='ocrx_word' id='word_1_87' title='bbox 295 1369 404 1531; x_wconf 58' lang='lat' dir='ltr'>agiltpp</span> <span class='ocrx_word' id='word_1_88' title='bbox 426 1367 609 1451; x_wconf 83' lang='lat' dir='ltr'>fragmenti</span> <span class='ocrx_word' id='word_1_89' title='bbox 640 1389 671 1433; x_wconf 85' lang='lat' dir='ltr'>n.</span> <span class='ocrx_word' id='word_1_90' title='bbox 695 1368 738 1434; x_wconf 83' lang='grc'>86</span> <span class='ocrx_word' id='word_1_91' title='bbox 763 1376 822 1433; x_wconf 84' lang='grc' dir='ltr'>νῦν</span> <span class='ocrx_word' id='word_1_92' title='bbox 844 1371 874 1432; x_wconf 84' lang='grc' dir='ltr'>τί</span> <span class='ocrx_word' id='word_1_93' title='bbox 893 1371 1025 1452; x_wconf 83' lang='grc' dir='ltr'><em>ποιῆσαί</em></span> <span class='ocrx_word' id='word_1_94' title='bbox 1045 1394 1087 1451; x_wconf 85' lang='grc' dir='ltr'>με</span> <span class='ocrx_word' id='word_1_95' title='bbox 1116 1370 1165 1432; x_wconf 79' lang='grc' dir='ltr'>δεῖ</span> <span class='ocrx_word' id='word_1_96' title='bbox 1186 1371 1221 1433; x_wconf 87' lang='lat' dir='ltr'>et</span> <span class='ocrx_word' id='word_1_97' title='bbox 1244 1366 1283 1433; x_wconf 88' lang='lat' dir='ltr'>ir.</span> <span class='ocrx_word' id='word_1_98' title='bbox 1298 1367 1409 1448; x_wconf 78' lang='lat'>404‚2</span> 
     </span>
     <span class='ocr_line' id='line_1_12' title="bbox 293 1489 323 1552; baseline 0 -20"><span class='ocrx_word' id='word_1_99' title='bbox 293 1489 323 1552; x_wconf 90' lang='lat' dir='ltr'>p.</span> 
     </span>
    </p>
   </div>
   <div class='ocr_carea' id='block_1_6' title="bbox 398 1574 1141 1657">
    <p class='ocr_par' dir='ltr' id='par_1_6' title="bbox 398 1574 1141 1657">
     <span class='ocr_line' id='line_1_13' title="bbox 398 1574 1141 1657; baseline -0.001 -20"><span class='ocrx_word' id='word_1_100' title='bbox 398 1575 452 1637; x_wconf 83' lang='grc' dir='ltr'>καὶ</span> <span class='ocrx_word' id='word_1_101' title='bbox 474 1575 698 1638; x_wconf 72' lang='grc' dir='ltr'><em>παιδοποιεῖθ’·</em></span> <span class='ocrx_word' id='word_1_102' title='bbox 715 1575 762 1644; x_wconf 83' lang='grc' dir='ltr'>ὡς</span> <span class='ocrx_word' id='word_1_103' title='bbox 785 1574 946 1655; x_wconf 80' lang='grc' dir='ltr'><em>ἀλόγιστός</em></span> <span class='ocrx_word' id='word_1_104' title='bbox 969 1575 1033 1636; x_wconf 77' lang='grc' dir='ltr'><strong><em>ἐστ’</em></strong></span> <span class='ocrx_word' id='word_1_105' title='bbox 1060 1575 1141 1657; x_wconf 80' lang='grc' dir='ltr'><em>ἀνήρ</em></span> 
     </span>
    </p>
   </div>
   <div class='ocr_carea' id='block_1_7' title="bbox 129 1686 1418 4638">
    <p class='ocr_par' dir='ltr' id='par_1_7' title="bbox 129 1686 1418 4638">
     <span class='ocr_line' id='line_1_14' title="bbox 129 1686 1409 1774; baseline -0.002 -19"><span class='ocrx_word' id='word_1_106' title='bbox 129 1711 171 1755; x_wconf 92' lang='lat' dir='ltr'>ne</span> <span class='ocrx_word' id='word_1_107' title='bbox 195 1709 351 1754; x_wconf 90' lang='lat' dir='ltr'>numeros</span> <span class='ocrx_word' id='word_1_108' title='bbox 379 1709 537 1753; x_wconf 92' lang='lat' dir='ltr'>uersuum</span> <span class='ocrx_word' id='word_1_109' title='bbox 561 1687 722 1772; x_wconf 88' lang='lat' dir='ltr'>turbaret,</span> <span class='ocrx_word' id='word_1_110' title='bbox 755 1715 785 1753; x_wconf 85' lang='grc' dir='ltr'>οι</span> <span class='ocrx_word' id='word_1_111' title='bbox 812 1688 942 1772; x_wconf 87' lang='lat' dir='ltr'>scripsit</span> <span class='ocrx_word' id='word_1_112' title='bbox 972 1686 1080 1753; x_wconf 84' lang='lat' dir='ltr'>forma</span> <span class='ocrx_word' id='word_1_113' title='bbox 1103 1709 1190 1774; x_wconf 90' lang='lat' dir='ltr'>quae</span> <span class='ocrx_word' id='word_1_114' title='bbox 1213 1690 1287 1753; x_wconf 91' lang='lat' dir='ltr'>tum</span> <span class='ocrx_word' id='word_1_115' title='bbox 1320 1691 1409 1754; x_wconf 91' lang='lat' dir='ltr'>esset</span> 
     </span>
     <span class='ocr_line' id='line_1_15' title="bbox 130 1784 1411 1873; baseline -0.002 -19"><span class='ocrx_word' id='word_1_116' title='bbox 130 1786 298 1873; x_wconf 92' lang='lat' dir='ltr'>antiquior</span> <span class='ocrx_word' id='word_1_117' title='bbox 323 1807 415 1870; x_wconf 66' lang='lat' dir='ltr'>usus</span> <span class='ocrx_word' id='word_1_118' title='bbox 441 1786 590 1872; x_wconf 86' lang='lat' dir='ltr'>exceptio</span> <span class='ocrx_word' id='word_1_119' title='bbox 615 1789 668 1851; x_wconf 91' lang='lat' dir='ltr'>est</span> <span class='ocrx_word' id='word_1_120' title='bbox 690 1790 730 1851; x_wconf 92' lang='lat' dir='ltr'>ut</span> <span class='ocrx_word' id='word_1_121' title='bbox 752 1786 802 1851; x_wconf 90' lang='lat' dir='ltr'>ita</span> <span class='ocrx_word' id='word_1_122' title='bbox 825 1784 932 1851; x_wconf 89' lang='lat' dir='ltr'>dicam</span> <span class='ocrx_word' id='word_1_123' title='bbox 965 1807 1032 1871; x_wconf 90' lang='lat' dir='ltr'>qua</span> <span class='ocrx_word' id='word_1_124' title='bbox 1055 1787 1265 1852; x_wconf 83' lang='lat' dir='ltr'>confirmetur</span> <span class='ocrx_word' id='word_1_125' title='bbox 1287 1786 1411 1870; x_wconf 85' lang='lat' dir='ltr'>regula</span> 
     </span>
     <span class='ocr_line' id='line_1_16' title="bbox 129 1882 1411 1970; baseline -0.001 -20"><span class='ocrx_word' id='word_1_126' title='bbox 129 1886 276 1951; x_wconf 85' lang='lat' dir='ltr'>Restant</span> <span class='ocrx_word' id='word_1_127' title='bbox 308 1905 367 1950; x_wconf 89' lang='lat' dir='ltr'>eae</span> <span class='ocrx_word' id='word_1_128' title='bbox 398 1883 493 1949; x_wconf 92' lang='lat' dir='ltr'>uerbi</span> <span class='ocrx_word' id='word_1_129' title='bbox 522 1892 611 1948; x_wconf 82' lang='grc' dir='ltr'>ποεῖν</span> <span class='ocrx_word' id='word_1_130' title='bbox 641 1882 769 1949; x_wconf 87' lang='lat' dir='ltr'>formae</span> <span class='ocrx_word' id='word_1_131' title='bbox 799 1883 835 1948; x_wconf 92' lang='lat' dir='ltr'>in</span> <span class='ocrx_word' id='word_1_132' title='bbox 867 1884 987 1969; x_wconf 92' lang='lat' dir='ltr'>quibus</span> <span class='ocrx_word' id='word_1_133' title='bbox 1018 1884 1160 1969; x_wconf 90' lang='lat' dir='ltr'>priorem</span> <span class='ocrx_word' id='word_1_134' title='bbox 1192 1884 1358 1970; x_wconf 87' lang='lat' dir='ltr'>syllabam</span> <span class='ocrx_word' id='word_1_135' title='bbox 1382 1910 1411 1950; x_wconf 84' lang='grc' dir='ltr'>ω</span> 
     </span>
     <span class='ocr_line' id='line_1_17' title="bbox 130 1980 1409 2069; baseline 0 -21"><span class='ocrx_word' id='word_1_136' title='bbox 130 1982 186 2048; x_wconf 93' lang='lat' dir='ltr'>uel</span> <span class='ocrx_word' id='word_1_137' title='bbox 201 2009 240 2048; x_wconf 87' lang='lat' dir='ltr'>ov</span> <span class='ocrx_word' id='word_1_138' title='bbox 257 1984 414 2069; x_wconf 88' lang='lat' dir='ltr'>sequitur.</span> <span class='ocrx_word' id='word_1_139' title='bbox 448 1982 538 2062; x_wconf 79' lang='lat' dir='ltr'>Quas</span> <span class='ocrx_word' id='word_1_140' title='bbox 553 1980 678 2047; x_wconf 82' lang='lat' dir='ltr'>formas</span> <span class='ocrx_word' id='word_1_141' title='bbox 694 1981 915 2047; x_wconf 88' lang='lat' dir='ltr'>Meisterhans</span> <span class='ocrx_word' id='word_1_142' title='bbox 939 1981 958 2047; x_wconf 92' lang='lat' dir='ltr'>l.</span> <span class='ocrx_word' id='word_1_143' title='bbox 975 2003 1000 2047; x_wconf 93' lang='lat' dir='ltr'>s.</span> <span class='ocrx_word' id='word_1_144' title='bbox 1022 1982 1093 2048; x_wconf 89' lang='lat' dir='ltr'>sinc</span> <span class='ocrx_word' id='word_1_145' title='bbox 1116 1981 1229 2047; x_wconf 88' lang='lat' dir='ltr'>littera</span> <span class='ocrx_word' id='word_1_146' title='bbox 1245 2008 1254 2046; x_wconf 92' lang='grc' dir='ltr'><em>ι</em></span> <span class='ocrx_word' id='word_1_147' title='bbox 1270 1981 1409 2068; x_wconf 88' lang='lat' dir='ltr'>scriptas</span> 
     </span>
     <span class='ocr_line' id='line_1_18' title="bbox 130 2078 1412 2166; baseline -0.001 -20"><span class='ocrx_word' id='word_1_148' title='bbox 130 2081 165 2146; x_wconf 91' lang='lat' dir='ltr'>in</span> <span class='ocrx_word' id='word_1_149' title='bbox 188 2080 308 2146; x_wconf 87' lang='lat' dir='ltr'>Atticis</span> <span class='ocrx_word' id='word_1_150' title='bbox 329 2078 599 2166; x_wconf 89' lang='lat' dir='ltr'>inscriptionibus</span> <span class='ocrx_word' id='word_1_151' title='bbox 623 2100 790 2165; x_wconf 92' lang='lat' dir='ltr'>nusquam</span> <span class='ocrx_word' id='word_1_152' title='bbox 815 2100 983 2145; x_wconf 86' lang='lat' dir='ltr'>occurrere</span> <span class='ocrx_word' id='word_1_153' title='bbox 1008 2079 1111 2145; x_wconf 91' lang='lat' dir='ltr'>docet.</span> <span class='ocrx_word' id='word_1_154' title='bbox 1158 2079 1196 2144; x_wconf 92' lang='lat' dir='ltr'>ln</span> <span class='ocrx_word' id='word_1_155' title='bbox 1228 2079 1329 2145; x_wconf 91' lang='lat' dir='ltr'>cartis</span> <span class='ocrx_word' id='word_1_156' title='bbox 1360 2080 1412 2147; x_wconf 92' lang='lat' dir='ltr'>bis</span> 
     </span>
     <span class='ocr_line' id='line_1_19' title="bbox 130 2176 1411 2263; baseline -0.001 -19"><span class='ocrx_word' id='word_1_157' title='bbox 130 2179 357 2261; x_wconf 80' lang='lat' dir='ltr'>inueniuntur,</span> <span class='ocrx_word' id='word_1_158' title='bbox 394 2179 457 2244; x_wconf 94' lang='lat' dir='ltr'>hoc</span> <span class='ocrx_word' id='word_1_159' title='bbox 487 2176 577 2244; x_wconf 89' lang='lat' dir='ltr'>unde</span> <span class='ocrx_word' id='word_1_160' title='bbox 608 2176 748 2263; x_wconf 87' lang='lat' dir='ltr'>profecti</span> <span class='ocrx_word' id='word_1_161' title='bbox 783 2198 899 2242; x_wconf 92' lang='lat' dir='ltr'>sumus</span> <span class='ocrx_word' id='word_1_162' title='bbox 935 2176 1007 2243; x_wconf 95' lang='lat' dir='ltr'>loco</span> <span class='ocrx_word' id='word_1_163' title='bbox 1039 2181 1073 2243; x_wconf 91' lang='lat' dir='ltr'>et</span> <span class='ocrx_word' id='word_1_164' title='bbox 1103 2176 1203 2244; x_wconf 90' lang='lat' dir='ltr'>Peric.</span> <span class='ocrx_word' id='word_1_165' title='bbox 1233 2179 1273 2243; x_wconf 91' lang='grc'>14</span> <span class='ocrx_word' id='word_1_166' title='bbox 1305 2186 1411 2262; x_wconf 60' lang='lat' dir='ltr'>aorem</span> 
     </span>
     <span class='ocr_line' id='line_1_20' title="bbox 130 2273 1412 2364; baseline -0.002 -22"><span class='ocrx_word' id='word_1_167' title='bbox 130 2279 273 2364; x_wconf 92' lang='lat' dir='ltr'>possunt</span> <span class='ocrx_word' id='word_1_168' title='bbox 288 2276 431 2362; x_wconf 90' lang='lat' dir='ltr'>scriptae</span> <span class='ocrx_word' id='word_1_169' title='bbox 451 2276 554 2341; x_wconf 85' lang='lat' dir='ltr'>luisse</span> <span class='ocrx_word' id='word_1_170' title='bbox 575 2276 611 2341; x_wconf 84' lang='lat' dir='ltr'>fr.</span> <span class='ocrx_word' id='word_1_171' title='bbox 628 2275 734 2360; x_wconf 82' lang='lat'>217‚4</span> <span class='ocrx_word' id='word_1_172' title='bbox 750 2275 788 2341; x_wconf 89' lang='lat' dir='ltr'>K.</span> <span class='ocrx_word' id='word_1_173' title='bbox 813 2273 894 2340; x_wconf 80' lang='lat' dir='ltr'>OAF</span> <span class='ocrx_word' id='word_1_174' title='bbox 910 2275 953 2340; x_wconf 91' lang='lat' dir='ltr'>Ill</span> <span class='ocrx_word' id='word_1_175' title='bbox 975 2298 1005 2362; x_wconf 92' lang='lat' dir='ltr'>p.</span> <span class='ocrx_word' id='word_1_176' title='bbox 1022 2276 1077 2359; x_wconf 83' lang='lat'>623</span> <span class='ocrx_word' id='word_1_177' title='bbox 1094 2276 1131 2340; x_wconf 85' lang='lat' dir='ltr'>fr.</span> <span class='ocrx_word' id='word_1_178' title='bbox 1144 2274 1273 2358; x_wconf 82' lang='lat'>462,10</span> <span class='ocrx_word' id='word_1_179' title='bbox 1290 2298 1320 2362; x_wconf 93' lang='lat' dir='ltr'>p.</span> <span class='ocrx_word' id='word_1_180' title='bbox 1336 2275 1412 2360; x_wconf 72' lang='lat'>1323</span> 
     </span>
     <span class='ocr_line' id='line_1_21' title="bbox 130 2372 1410 2460; baseline -0.001 -20"><span class='ocrx_word' id='word_1_181' title='bbox 130 2374 168 2440; x_wconf 82' lang='lat' dir='ltr'>ir.</span> <span class='ocrx_word' id='word_1_182' title='bbox 185 2374 288 2460; x_wconf 67' lang='lat' dir='ltr'>soal</span> <span class='ocrx_word' id='word_1_183' title='bbox 314 2397 344 2460; x_wconf 88' lang='lat' dir='ltr'>p.</span> <span class='ocrx_word' id='word_1_184' title='bbox 363 2374 436 2454; x_wconf 77' lang='lat'>194,</span> <span class='ocrx_word' id='word_1_185' title='bbox 461 2373 583 2459; x_wconf 91' lang='lat' dir='ltr'>quibus</span> <span class='ocrx_word' id='word_1_186' title='bbox 598 2372 678 2438; x_wconf 93' lang='lat' dir='ltr'>locis</span> <span class='ocrx_word' id='word_1_187' title='bbox 696 2399 725 2438; x_wconf 86' lang='grc' dir='ltr'>οι</span> <span class='ocrx_word' id='word_1_188' title='bbox 741 2373 829 2458; x_wconf 94' lang='lat' dir='ltr'>quod</span> <span class='ocrx_word' id='word_1_189' title='bbox 846 2376 899 2438; x_wconf 93' lang='lat' dir='ltr'>est</span> <span class='ocrx_word' id='word_1_190' title='bbox 914 2373 1075 2438; x_wconf 90' lang='lat' dir='ltr'>traditum</span> <span class='ocrx_word' id='word_1_191' title='bbox 1091 2373 1299 2459; x_wconf 86' lang='lat' dir='ltr'>corripiatur;</span> <span class='ocrx_word' id='word_1_192' title='bbox 1324 2377 1410 2439; x_wconf 89' lang='lat' dir='ltr'>certe</span> 
     </span>
     <span class='ocr_line' id='line_1_22' title="bbox 131 2470 1411 2557; baseline -0.002 -18"><span class='ocrx_word' id='word_1_193' title='bbox 131 2494 199 2539; x_wconf 90' lang='grc'><strong>11011</strong></span> <span class='ocrx_word' id='word_1_194' title='bbox 230 2471 337 2538; x_wconf 80' lang='lat' dir='ltr'>defuit</span> <span class='ocrx_word' id='word_1_195' title='bbox 360 2498 370 2536; x_wconf 87' lang='grc' dir='ltr'><em>ι</em></span> <span class='ocrx_word' id='word_1_196' title='bbox 392 2471 430 2537; x_wconf 80' lang='lat' dir='ltr'>fr.</span> <span class='ocrx_word' id='word_1_197' title='bbox 448 2471 553 2556; x_wconf 79' lang='lat'><strong>245‚4</strong></span> <span class='ocrx_word' id='word_1_198' title='bbox 569 2471 608 2536; x_wconf 91' lang='lat' dir='ltr'>K.</span> <span class='ocrx_word' id='word_1_199' title='bbox 632 2471 713 2537; x_wconf 77' lang='lat' dir='ltr'>OAF</span> <span class='ocrx_word' id='word_1_200' title='bbox 733 2471 778 2536; x_wconf 90' lang='grc' dir='ltr'>ΠΙ</span> <span class='ocrx_word' id='word_1_201' title='bbox 800 2494 829 2557; x_wconf 90' lang='lat' dir='ltr'>p.</span> <span class='ocrx_word' id='word_1_202' title='bbox 850 2471 890 2539; x_wconf 83' lang='grc'>71</span> <span class='ocrx_word' id='word_1_203' title='bbox 918 2474 936 2536; x_wconf 87' lang='grc' dir='ltr'>ὁ</span> <span class='ocrx_word' id='word_1_204' title='bbox 959 2480 1051 2536; x_wconf 79' lang='grc' dir='ltr'><em>τοῦτο</em></span> <span class='ocrx_word' id='word_1_205' title='bbox 1074 2479 1186 2536; x_wconf 85' lang='grc' dir='ltr'><em>ποιῶν.</em></span> <span class='ocrx_word' id='word_1_206' title='bbox 1241 2470 1306 2536; x_wconf 85' lang='lat' dir='ltr'>Sed</span> <span class='ocrx_word' id='word_1_207' title='bbox 1338 2493 1411 2537; x_wconf 78' lang='lat' dir='ltr'>cum</span> 
     </span>
     <span class='ocr_line' id='line_1_23' title="bbox 132 2569 1412 2656; baseline -0.002 -19"><span class='ocrx_word' id='word_1_208' title='bbox 132 2569 357 2656; x_wconf 87' lang='lat' dir='ltr'>exemplorum</span> <span class='ocrx_word' id='word_1_209' title='bbox 381 2570 477 2656; x_wconf 90' lang='lat' dir='ltr'>copia</span> <span class='ocrx_word' id='word_1_210' title='bbox 500 2570 583 2636; x_wconf 88' lang='lat' dir='ltr'>satis</span> <span class='ocrx_word' id='word_1_211' title='bbox 607 2591 730 2653; x_wconf 88' lang='lat' dir='ltr'>magna</span> <span class='ocrx_word' id='word_1_212' title='bbox 753 2591 821 2635; x_wconf 91' lang='lat' dir='ltr'>non</span> <span class='ocrx_word' id='word_1_213' title='bbox 845 2571 1011 2656; x_wconf 88' lang='lat' dir='ltr'>suppetat,</span> <span class='ocrx_word' id='word_1_214' title='bbox 1037 2569 1146 2635; x_wconf 90' lang='lat' dir='ltr'>adhuc</span> <span class='ocrx_word' id='word_1_215' title='bbox 1169 2591 1221 2635; x_wconf 93' lang='lat' dir='ltr'>res</span> <span class='ocrx_word' id='word_1_216' title='bbox 1242 2569 1412 2636; x_wconf 90' lang='lat' dir='ltr'>diiudicari</span> 
     </span>
     <span class='ocr_line' id='line_1_24' title="bbox 130 2666 1413 2754; baseline 0 -20"><span class='ocrx_word' id='word_1_217' title='bbox 130 2690 199 2734; x_wconf 92' lang='lat' dir='ltr'>non</span> <span class='ocrx_word' id='word_1_218' title='bbox 223 2669 337 2754; x_wconf 90' lang='lat' dir='ltr'>potest</span> <span class='ocrx_word' id='word_1_219' title='bbox 359 2689 469 2754; x_wconf 87' lang='lat' dir='ltr'>neque</span> <span class='ocrx_word' id='word_1_220' title='bbox 494 2668 610 2733; x_wconf 89' lang='lat' dir='ltr'>erroris</span> <span class='ocrx_word' id='word_1_221' title='bbox 634 2669 850 2734; x_wconf 87' lang='lat' dir='ltr'>conuinoetur</span> <span class='ocrx_word' id='word_1_222' title='bbox 873 2669 929 2753; x_wconf 93' lang='lat' dir='ltr'>qui</span> <span class='ocrx_word' id='word_1_223' title='bbox 951 2674 1043 2733; x_wconf 84' lang='grc' dir='ltr'><em>ποῶν</em></span> <span class='ocrx_word' id='word_1_224' title='bbox 1067 2670 1102 2733; x_wconf 91' lang='lat' dir='ltr'>et</span> <span class='ocrx_word' id='word_1_225' title='bbox 1120 2672 1284 2752; x_wconf 70' lang='lat' dir='ltr'>rroovpsbp</span> <span class='ocrx_word' id='word_1_226' title='bbox 1309 2666 1413 2734; x_wconf 91' lang='lat' dir='ltr'>libra·</span> 
     </span>
     <span class='ocr_line' id='line_1_25' title="bbox 131 2764 1412 2848; baseline 0 -17"><span class='ocrx_word' id='word_1_227' title='bbox 131 2767 253 2831; x_wconf 91' lang='lat' dir='ltr'>riorum</span> <span class='ocrx_word' id='word_1_228' title='bbox 277 2765 490 2848; x_wconf 89' lang='lat' dir='ltr'>neglegentia</span> <span class='ocrx_word' id='word_1_229' title='bbox 514 2769 588 2831; x_wconf 91' lang='lat' dir='ltr'>orta</span> <span class='ocrx_word' id='word_1_230' title='bbox 612 2786 686 2831; x_wconf 90' lang='lat' dir='ltr'>esse</span> <span class='ocrx_word' id='word_1_231' title='bbox 702 2769 847 2831; x_wconf 89' lang='lat' dir='ltr'>censeat.</span> <span class='ocrx_word' id='word_1_232' title='bbox 876 2764 974 2832; x_wconf 78' lang='lat' dir='ltr'>(lauti</span> <span class='ocrx_word' id='word_1_233' title='bbox 990 2788 1030 2832; x_wconf 91' lang='lat' dir='ltr'>ac</span> <span class='ocrx_word' id='word_1_234' title='bbox 1046 2766 1247 2832; x_wconf 89' lang='lat' dir='ltr'>considerati</span> <span class='ocrx_word' id='word_1_235' title='bbox 1269 2765 1412 2831; x_wconf 85' lang='lat' dir='ltr'>forsitan</span> 
     </span>
     <span class='ocr_line' id='line_1_26' title="bbox 132 2862 1413 2950; baseline 0 -22"><span class='ocrx_word' id='word_1_236' title='bbox 132 2865 176 2933; x_wconf 88' lang='lat' dir='ltr'>sit</span> <span class='ocrx_word' id='word_1_237' title='bbox 199 2884 268 2928; x_wconf 92' lang='lat' dir='ltr'>uno</span> <span class='ocrx_word' id='word_1_238' title='bbox 293 2884 425 2950; x_wconf 88' lang='lat' dir='ltr'>quoque</span> <span class='ocrx_word' id='word_1_239' title='bbox 448 2863 520 2929; x_wconf 83' lang='lat' dir='ltr'>loco</span> <span class='ocrx_word' id='word_1_240' title='bbox 545 2863 634 2950; x_wconf 91' lang='lat' dir='ltr'>quod</span> <span class='ocrx_word' id='word_1_241' title='bbox 658 2867 710 2928; x_wconf 90' lang='lat' dir='ltr'>est</span> <span class='ocrx_word' id='word_1_242' title='bbox 733 2862 894 2929; x_wconf 91' lang='lat' dir='ltr'>traditum</span> <span class='ocrx_word' id='word_1_243' title='bbox 917 2864 949 2928; x_wconf 94' lang='lat' dir='ltr'>id</span> <span class='ocrx_word' id='word_1_244' title='bbox 974 2884 1109 2929; x_wconf 89' lang='lat' dir='ltr'>seruare</span> <span class='ocrx_word' id='word_1_245' title='bbox 1139 2864 1272 2928; x_wconf 90' lang='lat' dir='ltr'>interim</span> <span class='ocrx_word' id='word_1_246' title='bbox 1303 2884 1352 2945; x_wconf 82' lang='lat' dir='ltr'>ac,</span> <span class='ocrx_word' id='word_1_247' title='bbox 1385 2864 1413 2928; x_wconf 87' lang='lat' dir='ltr'>si</span> 
     </span>
     <span class='ocr_line' id='line_1_27' title="bbox 132 2960 1416 3046; baseline -0.004 -19"><span class='ocrx_word' id='word_1_248' title='bbox 132 2961 267 3027; x_wconf 91' lang='lat' dir='ltr'>omnino</span> <span class='ocrx_word' id='word_1_249' title='bbox 292 2962 462 3026; x_wconf 87' lang='lat' dir='ltr'>sententia</span> <span class='ocrx_word' id='word_1_250' title='bbox 494 2964 546 3026; x_wconf 91' lang='lat' dir='ltr'>est</span> <span class='ocrx_word' id='word_1_251' title='bbox 576 2960 782 3046; x_wconf 84' lang='lat' dir='ltr'>proferenda,</span> <span class='ocrx_word' id='word_1_252' title='bbox 810 2964 958 3027; x_wconf 89' lang='lat' dir='ltr'>statuere</span> <span class='ocrx_word' id='word_1_253' title='bbox 982 2960 1202 3026; x_wconf 90' lang='lat' dir='ltr'>Menandrum</span> <span class='ocrx_word' id='word_1_254' title='bbox 1226 2964 1260 3026; x_wconf 95' lang='lat' dir='ltr'>et</span> <span class='ocrx_word' id='word_1_255' title='bbox 1284 2987 1301 3026; x_wconf 92' lang='grc' dir='ltr'><em>ο</em></span> <span class='ocrx_word' id='word_1_256' title='bbox 1326 2965 1361 3027; x_wconf 92' lang='grc' dir='ltr'>θῖ</span> <span class='ocrx_word' id='word_1_257' title='bbox 1385 2988 1416 3027; x_wconf 80' lang='grc' dir='ltr'>οι.</span> 
     </span>
     <span class='ocr_line' id='line_1_28' title="bbox 132 3056 1414 3147; baseline 0 -23"><span class='ocrx_word' id='word_1_258' title='bbox 132 3058 273 3125; x_wconf 91' lang='lat' dir='ltr'>scribere</span> <span class='ocrx_word' id='word_1_259' title='bbox 286 3059 444 3144; x_wconf 90' lang='lat' dir='ltr'>potuisse.</span> <span class='ocrx_word' id='word_1_260' title='bbox 470 3059 648 3124; x_wconf 85' lang='lat' dir='ltr'>Seruemus</span> <span class='ocrx_word' id='word_1_261' title='bbox 665 3059 765 3140; x_wconf 92' lang='lat' dir='ltr'>igitur</span> <span class='ocrx_word' id='word_1_262' title='bbox 775 3058 839 3123; x_wconf 91' lang='lat' dir='ltr'>hoc</span> <span class='ocrx_word' id='word_1_263' title='bbox 851 3080 982 3144; x_wconf 92' lang='lat' dir='ltr'>quoque</span> <span class='ocrx_word' id='word_1_264' title='bbox 996 3061 1031 3124; x_wconf 93' lang='lat' dir='ltr'>in</span> <span class='ocrx_word' id='word_1_265' title='bbox 1044 3080 1145 3123; x_wconf 91' lang='lat' dir='ltr'>uersu</span> <span class='ocrx_word' id='word_1_266' title='bbox 1157 3059 1200 3123; x_wconf 83' lang='lat'>23</span> <span class='ocrx_word' id='word_1_267' title='bbox 1217 3056 1414 3147; x_wconf 74' lang='lat' dir='ltr'>[aloovpr&#39;rp.</span> 
     </span>
     <span class='ocr_line' id='line_1_29' title="bbox 130 3156 1413 3244; baseline 0.001 -21"><span class='ocrx_word' id='word_1_268' title='bbox 130 3159 169 3223; x_wconf 93' lang='lat' dir='ltr'>In</span> <span class='ocrx_word' id='word_1_269' title='bbox 185 3179 250 3244; x_wconf 92' lang='lat' dir='ltr'>quo</span> <span class='ocrx_word' id='word_1_270' title='bbox 276 3179 376 3223; x_wconf 92' lang='lat' dir='ltr'>uersu</span> <span class='ocrx_word' id='word_1_271' title='bbox 392 3157 553 3223; x_wconf 82' lang='lat' dir='ltr'>Dniatzlro</span> <span class='ocrx_word' id='word_1_272' title='bbox 569 3182 604 3221; x_wconf 90' lang='grc' dir='ltr'>οε</span> <span class='ocrx_word' id='word_1_273' title='bbox 628 3156 769 3222; x_wconf 84' lang='lat' dir='ltr'>correxit</span> <span class='ocrx_word' id='word_1_274' title='bbox 785 3156 820 3222; x_wconf 92' lang='lat' dir='ltr'>in</span> <span class='ocrx_word' id='word_1_275' title='bbox 841 3181 899 3221; x_wconf 85' lang='grc' dir='ltr'>σοι.</span> <span class='ocrx_word' id='word_1_276' title='bbox 935 3156 1113 3234; x_wconf 86' lang='lat' dir='ltr'>Attamen</span> <span class='ocrx_word' id='word_1_277' title='bbox 1131 3177 1170 3222; x_wconf 91' lang='lat' dir='ltr'>ea</span> <span class='ocrx_word' id='word_1_278' title='bbox 1186 3177 1272 3241; x_wconf 89' lang='lat' dir='ltr'>quae</span> <span class='ocrx_word' id='word_1_279' title='bbox 1288 3156 1413 3224; x_wconf 90' lang='lat' dir='ltr'>tradita</span> 
     </span>
     <span class='ocr_line' id='line_1_30' title="bbox 132 3252 1414 3342; baseline -0.002 -20"><span class='ocrx_word' id='word_1_280' title='bbox 132 3260 213 3322; x_wconf 91' lang='lat' dir='ltr'>sunt</span> <span class='ocrx_word' id='word_1_281' title='bbox 235 3259 378 3342; x_wconf 91' lang='lat' dir='ltr'>possunt</span> <span class='ocrx_word' id='word_1_282' title='bbox 401 3254 542 3322; x_wconf 86' lang='lat' dir='ltr'>defendi.</span> <span class='ocrx_word' id='word_1_283' title='bbox 588 3254 672 3320; x_wconf 89' lang='lat' dir='ltr'>Nam</span> <span class='ocrx_word' id='word_1_284' title='bbox 698 3256 832 3340; x_wconf 91' lang='lat' dir='ltr'>poterat</span> <span class='ocrx_word' id='word_1_285' title='bbox 853 3257 962 3341; x_wconf 80' lang='lat' dir='ltr'>poeta,</span> <span class='ocrx_word' id='word_1_286' title='bbox 989 3275 1075 3339; x_wconf 89' lang='lat' dir='ltr'>quae</span> <span class='ocrx_word' id='word_1_287' title='bbox 1095 3252 1302 3319; x_wconf 87' lang='lat' dir='ltr'>conectenda</span> <span class='ocrx_word' id='word_1_288' title='bbox 1318 3257 1414 3320; x_wconf 87' lang='lat' dir='ltr'>erant</span> 
     </span>
     <span class='ocr_line' id='line_1_31' title="bbox 132 3350 1413 3439; baseline -0.002 -19"><span class='ocrx_word' id='word_1_289' title='bbox 132 3357 180 3426; x_wconf 85' lang='grc' dir='ltr'>ὡς</span> <span class='ocrx_word' id='word_1_290' title='bbox 202 3355 284 3439; x_wconf 83' lang='grc' dir='ltr'><em>πρὸς</em></span> <span class='ocrx_word' id='word_1_291' title='bbox 308 3357 422 3419; x_wconf 80' lang='grc' dir='ltr'><strong><em>εὔνουν</em></strong></span> <span class='ocrx_word' id='word_1_292' title='bbox 446 3357 480 3419; x_wconf 91' lang='lat' dir='ltr'>et</span> <span class='ocrx_word' id='word_1_293' title='bbox 502 3379 545 3428; x_wconf 83' lang='grc' dir='ltr'>σε,</span> <span class='ocrx_word' id='word_1_294' title='bbox 579 3353 696 3418; x_wconf 90' lang='lat' dir='ltr'>eadem</span> <span class='ocrx_word' id='word_1_295' title='bbox 726 3353 840 3434; x_wconf 83' lang='lat' dir='ltr'>uerba,</span> <span class='ocrx_word' id='word_1_296' title='bbox 872 3372 936 3437; x_wconf 92' lang='lat' dir='ltr'>quo</span> <span class='ocrx_word' id='word_1_297' title='bbox 968 3351 1220 3417; x_wconf 90' lang='lat' dir='ltr'>uehementiora</span> <span class='ocrx_word' id='word_1_298' title='bbox 1250 3350 1413 3438; x_wconf 84' lang='lat' dir='ltr'>redderet,</span> 
     </span>
     <span class='ocr_line' id='line_1_32' title="bbox 133 3446 1414 3538; baseline -0.001 -21"><span class='ocrx_word' id='word_1_299' title='bbox 133 3451 321 3534; x_wconf 86' lang='lat' dir='ltr'>disiungere</span> <span class='ocrx_word' id='word_1_300' title='bbox 352 3451 556 3535; x_wconf 83' lang='lat' dir='ltr'>interpositis</span> <span class='ocrx_word' id='word_1_301' title='bbox 587 3450 699 3515; x_wconf 88' lang='lat' dir='ltr'>uerbis</span> <span class='ocrx_word' id='word_1_302' title='bbox 728 3450 756 3514; x_wconf 82' lang='grc' dir='ltr'><strong><em>ὦ</em></strong></span> <span class='ocrx_word' id='word_1_303' title='bbox 785 3446 948 3538; x_wconf 81' lang='grc' dir='ltr'><em>Φίλιν&lt;ν&gt;α</em></span> <span class='ocrx_word' id='word_1_304' title='bbox 975 3450 1048 3521; x_wconf 83' lang='grc' dir='ltr'><em>τοὺς</em></span> <span class='ocrx_word' id='word_1_305' title='bbox 1074 3452 1190 3533; x_wconf 78' lang='grc' dir='ltr'><em>λόγους</em></span> <span class='ocrx_word' id='word_1_306' title='bbox 1217 3447 1414 3538; x_wconf 81' lang='grc' dir='ltr'>[π]οουμὲνη.</span> 
     </span>
     <span class='ocr_line' id='line_1_33' title="bbox 133 3545 1414 3615; baseline 0 0"><span class='ocrx_word' id='word_1_307' title='bbox 133 3551 204 3615; x_wconf 90' lang='lat' dir='ltr'>Hoc</span> <span class='ocrx_word' id='word_1_308' title='bbox 228 3571 310 3615; x_wconf 88' lang='lat' dir='ltr'>sane</span> <span class='ocrx_word' id='word_1_309' title='bbox 334 3546 581 3614; x_wconf 91' lang='lat' dir='ltr'>concedendum</span> <span class='ocrx_word' id='word_1_310' title='bbox 606 3550 658 3612; x_wconf 90' lang='lat' dir='ltr'>est</span> <span class='ocrx_word' id='word_1_311' title='bbox 681 3547 765 3612; x_wconf 88' lang='lat' dir='ltr'>satis</span> <span class='ocrx_word' id='word_1_312' title='bbox 789 3549 960 3611; x_wconf 90' lang='lat' dir='ltr'>insuetum</span> <span class='ocrx_word' id='word_1_313' title='bbox 984 3545 1088 3612; x_wconf 92' lang='lat' dir='ltr'>uideri</span> <span class='ocrx_word' id='word_1_314' title='bbox 1116 3549 1206 3613; x_wconf 89' lang='lat' dir='ltr'>huno</span> <span class='ocrx_word' id='word_1_315' title='bbox 1236 3549 1414 3615; x_wconf 92' lang='lat' dir='ltr'>uerborum</span> 
     </span>
     <span class='ocr_line' id='line_1_34' title="bbox 134 3642 1417 3733; baseline -0.005 -21"><span class='ocrx_word' id='word_1_316' title='bbox 134 3647 290 3713; x_wconf 88' lang='lat' dir='ltr'>ordinem.</span> <span class='ocrx_word' id='word_1_317' title='bbox 337 3644 462 3710; x_wconf 90' lang='lat' dir='ltr'>Deinde</span> <span class='ocrx_word' id='word_1_318' title='bbox 486 3643 578 3709; x_wconf 84' lang='grc'><strong>1124</strong></span> <span class='ocrx_word' id='word_1_319' title='bbox 602 3642 654 3733; x_wconf 78' lang='grc' dir='ltr'>[ἐν]</span> <span class='ocrx_word' id='word_1_320' title='bbox 680 3646 727 3716; x_wconf 87' lang='grc' dir='ltr'>οἷς</span> <span class='ocrx_word' id='word_1_321' title='bbox 745 3647 773 3708; x_wconf 80' lang='grc' dir='ltr'>δ’</span> <span class='ocrx_word' id='word_1_322' title='bbox 801 3644 944 3710; x_wconf 88' lang='lat' dir='ltr'>editores</span> <span class='ocrx_word' id='word_1_323' title='bbox 968 3644 1150 3711; x_wconf 87' lang='lat' dir='ltr'>Britannici</span> <span class='ocrx_word' id='word_1_324' title='bbox 1174 3645 1417 3732; x_wconf 90' lang='lat' dir='ltr'>suppleuerunt</span> 
     </span>
     <span class='ocr_line' id='line_1_35' title="bbox 133 3740 1417 3830; baseline -0.001 -19"><span class='ocrx_word' id='word_1_325' title='bbox 133 3766 195 3811; x_wconf 89' lang='lat' dir='ltr'>nec</span> <span class='ocrx_word' id='word_1_326' title='bbox 218 3749 332 3810; x_wconf 91' lang='lat' dir='ltr'>tamen</span> <span class='ocrx_word' id='word_1_327' title='bbox 358 3764 421 3828; x_wconf 92' lang='lat' dir='ltr'>quo</span> <span class='ocrx_word' id='word_1_328' title='bbox 445 3740 543 3807; x_wconf 93' lang='lat' dir='ltr'>modo</span> <span class='ocrx_word' id='word_1_329' title='bbox 568 3744 603 3806; x_wconf 78' lang='grc' dir='ltr'>δὲ</span> <span class='ocrx_word' id='word_1_330' title='bbox 625 3741 790 3828; x_wconf 89' lang='lat' dir='ltr'>particula</span> <span class='ocrx_word' id='word_1_331' title='bbox 812 3746 890 3828; x_wconf 91' lang='lat' dir='ltr'>post</span> <span class='ocrx_word' id='word_1_332' title='bbox 908 3763 1090 3829; x_wconf 90' lang='lat' dir='ltr'>pronomen</span> <span class='ocrx_word' id='word_1_333' title='bbox 1106 3743 1284 3809; x_wconf 90' lang='lat' dir='ltr'>relatiuum</span> <span class='ocrx_word' id='word_1_334' title='bbox 1300 3748 1417 3830; x_wconf 91' lang='lat' dir='ltr'>posset</span> 
     </span>
     <span class='ocr_line' id='line_1_36' title="bbox 133 3840 1415 3928; baseline -0.002 -19"><span class='ocrx_word' id='word_1_335' title='bbox 133 3847 224 3909; x_wconf 88' lang='lat' dir='ltr'>stare</span> <span class='ocrx_word' id='word_1_336' title='bbox 249 3842 477 3908; x_wconf 88' lang='lat' dir='ltr'>ostenderunt.</span> <span class='ocrx_word' id='word_1_337' title='bbox 523 3840 640 3927; x_wconf 91' lang='lat' dir='ltr'>Itaque</span> <span class='ocrx_word' id='word_1_338' title='bbox 665 3861 741 3906; x_wconf 88' lang='lat' dir='ltr'>cum</span> <span class='ocrx_word' id='word_1_339' title='bbox 763 3841 898 3926; x_wconf 90' lang='lat' dir='ltr'>reliquis</span> <span class='ocrx_word' id='word_1_340' title='bbox 922 3840 1086 3906; x_wconf 86' lang='lat' dir='ltr'>iaciamus</span> <span class='ocrx_word' id='word_1_341' title='bbox 1118 3843 1197 3906; x_wconf 91' lang='lat' dir='ltr'>uiris</span> <span class='ocrx_word' id='word_1_342' title='bbox 1229 3841 1335 3908; x_wconf 89' lang='lat' dir='ltr'>doctis</span> <span class='ocrx_word' id='word_1_343' title='bbox 1359 3843 1415 3928; x_wconf 91' lang='lat' dir='ltr'>qui</span> 
     </span>
     <span class='ocr_line' id='line_1_37' title="bbox 133 3928 1416 4028; baseline 0 -22"><span class='ocrx_word' id='word_1_344' title='bbox 133 3965 164 4007; x_wconf 91' lang='lat' dir='ltr'>u.</span> <span class='ocrx_word' id='word_1_345' title='bbox 186 3941 228 4006; x_wconf 83' lang='lat'>23</span> <span class='ocrx_word' id='word_1_346' title='bbox 262 3944 406 4006; x_wconf 88' lang='lat' dir='ltr'>exeunte</span> <span class='ocrx_word' id='word_1_347' title='bbox 438 3939 680 4024; x_wconf 91' lang='lat' dir='ltr'>interpungunt</span> <span class='ocrx_word' id='word_1_348' title='bbox 712 3942 746 4006; x_wconf 90' lang='lat' dir='ltr'>et</span> <span class='ocrx_word' id='word_1_349' title='bbox 774 3937 817 4028; x_wconf 82' lang='grc' dir='ltr'>[ἕν</span> <span class='ocrx_word' id='word_1_350' title='bbox 832 3928 945 4028; x_wconf 72' lang='grc' dir='ltr'><em>τ]οῖσό”</em></span> <span class='ocrx_word' id='word_1_351' title='bbox 959 3965 982 4004; x_wconf 89' lang='grc' dir='ltr'>ε.</span> <span class='ocrx_word' id='word_1_352' title='bbox 999 3965 1024 4004; x_wconf 85' lang='grc' dir='ltr'>ν.</span> <span class='ocrx_word' id='word_1_353' title='bbox 1041 3965 1065 4004; x_wconf 89' lang='grc' dir='ltr'>ε.</span> <span class='ocrx_word' id='word_1_354' title='bbox 1082 3939 1240 4005; x_wconf 90' lang='lat' dir='ltr'>scribunt.</span> <span class='ocrx_word' id='word_1_355' title='bbox 1287 3939 1416 4019; x_wconf 78' lang='lat' dir='ltr'>Quibus</span> 
     </span>
     <span class='ocr_line' id='line_1_38' title="bbox 133 4037 1416 4124; baseline 0 -20"><span class='ocrx_word' id='word_1_356' title='bbox 133 4038 244 4105; x_wconf 89' lang='lat' dir='ltr'>uerbis</span> <span class='ocrx_word' id='word_1_357' title='bbox 269 4037 365 4104; x_wconf 91' lang='lat' dir='ltr'>dictis</span> <span class='ocrx_word' id='word_1_358' title='bbox 396 4040 551 4103; x_wconf 89' lang='lat' dir='ltr'>matrona</span> <span class='ocrx_word' id='word_1_359' title='bbox 580 4037 685 4103; x_wconf 82' lang='lat' dir='ltr'>finem</span> <span class='ocrx_word' id='word_1_360' title='bbox 715 4039 856 4124; x_wconf 91' lang='lat' dir='ltr'>imponit</span> <span class='ocrx_word' id='word_1_361' title='bbox 887 4037 1020 4123; x_wconf 86' lang='lat' dir='ltr'>inopiae</span> <span class='ocrx_word' id='word_1_362' title='bbox 1051 4057 1133 4102; x_wconf 89' lang='lat' dir='ltr'>suae</span> <span class='ocrx_word' id='word_1_363' title='bbox 1165 4040 1199 4102; x_wconf 90' lang='lat' dir='ltr'>et</span> <span class='ocrx_word' id='word_1_364' title='bbox 1230 4037 1416 4104; x_wconf 88' lang='lat' dir='ltr'>calamitati</span> 
     </span>
     <span class='ocr_line' id='line_1_39' title="bbox 134 4134 1414 4223; baseline -0.001 -21"><span class='ocrx_word' id='word_1_365' title='bbox 134 4135 349 4202; x_wconf 89' lang='lat' dir='ltr'>enarrandae.</span> <span class='ocrx_word' id='word_1_366' title='bbox 395 4137 444 4202; x_wconf 85' lang='lat' dir='ltr'>Ao</span> <span class='ocrx_word' id='word_1_367' title='bbox 466 4139 544 4222; x_wconf 90' lang='lat' dir='ltr'>post</span> <span class='ocrx_word' id='word_1_368' title='bbox 566 4135 651 4203; x_wconf 85' lang='lat' dir='ltr'>haee</span> <span class='ocrx_word' id='word_1_369' title='bbox 674 4137 779 4202; x_wconf 89' lang='lat' dir='ltr'>uerba</span> <span class='ocrx_word' id='word_1_370' title='bbox 802 4135 957 4223; x_wconf 91' lang='lat' dir='ltr'>quamuis</span> <span class='ocrx_word' id='word_1_371' title='bbox 980 4134 1134 4199; x_wconf 92' lang='lat' dir='ltr'>librarius</span> <span class='ocrx_word' id='word_1_372' title='bbox 1166 4136 1306 4201; x_wconf 87' lang='lat' dir='ltr'>alteram</span> <span class='ocrx_word' id='word_1_373' title='bbox 1338 4157 1414 4221; x_wconf 91' lang='lat' dir='ltr'>per-</span> 
     </span>
     <span class='ocr_line' id='line_1_40' title="bbox 134 4232 1418 4321; baseline -0.001 -22"><span class='ocrx_word' id='word_1_374' title='bbox 134 4256 251 4300; x_wconf 91' lang='lat' dir='ltr'>sonam</span> <span class='ocrx_word' id='word_1_375' title='bbox 262 4235 353 4321; x_wconf 91' lang='lat' dir='ltr'>loqui</span> <span class='ocrx_word' id='word_1_376' title='bbox 365 4256 433 4300; x_wconf 93' lang='lat' dir='ltr'>non</span> <span class='ocrx_word' id='word_1_377' title='bbox 445 4234 643 4300; x_wconf 89' lang='lat' dir='ltr'>indicauerit</span> <span class='ocrx_word' id='word_1_378' title='bbox 655 4235 748 4317; x_wconf 91' lang='lat' dir='ltr'>signo</span> <span class='ocrx_word' id='word_1_379' title='bbox 762 4232 924 4319; x_wconf 79' lang='lat' dir='ltr'>adposito,</span> <span class='ocrx_word' id='word_1_380' title='bbox 941 4236 1056 4298; x_wconf 87' lang='lat' dir='ltr'>tamen</span> <span class='ocrx_word' id='word_1_381' title='bbox 1073 4253 1212 4320; x_wconf 91' lang='lat' dir='ltr'>eaquae</span> <span class='ocrx_word' id='word_1_382' title='bbox 1229 4235 1418 4318; x_wconf 88' lang='lat' dir='ltr'>sequuntur</span> 
     </span>
     <span class='ocr_line' id='line_1_41' title="bbox 133 4330 937 4418; baseline -0.002 -20"><span class='ocrx_word' id='word_1_383' title='bbox 133 4334 238 4398; x_wconf 86' lang='lat' dir='ltr'>uerba</span> <span class='ocrx_word' id='word_1_384' title='bbox 262 4354 336 4399; x_wconf 87' lang='lat' dir='ltr'>esse</span> <span class='ocrx_word' id='word_1_385' title='bbox 359 4332 534 4400; x_wconf 89' lang='lat' dir='ltr'>Philinnae</span> <span class='ocrx_word' id='word_1_386' title='bbox 558 4354 645 4398; x_wconf 90' lang='lat' dir='ltr'>unus</span> <span class='ocrx_word' id='word_1_387' title='bbox 670 4334 809 4418; x_wconf 89' lang='lat' dir='ltr'>quisque</span> <span class='ocrx_word' id='word_1_388' title='bbox 833 4330 937 4396; x_wconf 89' lang='lat' dir='ltr'>uidet:</span> 
     </span>
     <span class='ocr_line' id='line_1_42' title="bbox 758 4449 1036 4531; baseline -0.004 -18"><span class='ocrx_word' id='word_1_389' title='bbox 758 4449 812 4513; x_wconf 86' lang='grc' dir='ltr'>καὶ</span> <span class='ocrx_word' id='word_1_390' title='bbox 834 4449 872 4531; x_wconf 80' lang='grc' dir='ltr'>νὴ</span> <span class='ocrx_word' id='word_1_391' title='bbox 896 4449 942 4512; x_wconf 83' lang='grc' dir='ltr'>τὼ</span> <span class='ocrx_word' id='word_1_392' title='bbox 965 4449 1036 4512; x_wconf 67' lang='grc' dir='ltr'>θεὼ</span> 
     </span>
     <span class='ocr_line' id='line_1_43' title="bbox 349 4546 1086 4638; baseline -0.004 -24"><span class='ocrx_word' id='word_1_393' title='bbox 349 4546 468 4638; x_wconf 81' lang='grc' dir='ltr'><strong><em>[ἔγ]ωγ’</em></strong></span> <span class='ocrx_word' id='word_1_394' title='bbox 494 4550 660 4621; x_wconf 83' lang='grc' dir='ltr'><em>ἀκούουσ’,</em></span> <span class='ocrx_word' id='word_1_395' title='bbox 685 4547 713 4611; x_wconf 82' lang='grc' dir='ltr'><em>ὦ</em></span> <span class='ocrx_word' id='word_1_396' title='bbox 736 4549 854 4621; x_wconf 82' lang='grc' dir='ltr'><em>τέκνον,</em></span> <span class='ocrx_word' id='word_1_397' title='bbox 878 4554 997 4630; x_wconf 82' lang='grc' dir='ltr'><em>μικροῦ</em></span> <span class='ocrx_word' id='word_1_398' title='bbox 1022 4548 1086 4611; x_wconf 78' lang='grc' dir='ltr'>δέω</span> 
     </span>
    </p>
   </div>
   <div class='ocr_carea' id='block_1_8' title="bbox 0 0 1566 4956">
    <p class='ocr_par' dir='ltr' id='par_1_8' title="bbox 0 0 1566 4956">
     <span class='ocr_line' id='line_1_44' title="bbox 0 0 1566 4956; baseline 0 0"><span class='ocrx_word' id='word_1_399' title='bbox 0 0 1566 4956; x_wconf 95' lang='lat' dir='ltr'> </span> 
     </span>
    </p>
   </div>
  </div>
 </body>
</html>
