3098 4956
736 269 960 336 „70-

206 447 317 512 MOY
333 468 364 512 u.
380 445 432 512 46.
471 445 556 529 Ergo
580 445 633 512 hic
660 467 728 512 non
743 448 767 511 I
776 446 890 512 littera
919 445 994 530 fuit,
1026 446 1085 513 sed
1111 448 1146 513 Y.
1192 448 1309 535 Itaque
1341 447 1492 516 fortasse

207 547 296 610 recte
321 544 510 629 scripsimus
534 547 581 616 ὡς
612 542 778 645 diductos
809 542 907 633 τοῦτ’]
942 543 976 610 id
1015 544 1104 632 quod
1144 549 1273 631 spectet
1307 546 1351 613 ad
1385 571 1418 614 u.
1447 550 1492 613 42

207 653 316 723 οὐθεὶς
338 653 526 736 ἕπλούτησεν
557 654 592 717 et
623 651 910 737 interpretandum
939 652 983 717 sit
1014 655 1128 734 ‘trecte
1159 657 1199 719 tu
1223 653 1376 740 quidem)
1410 677 1492 721 nam

207 749 271 815 hoc
289 749 362 814 fieri
377 769 445 813 non
461 751 592 835 potest'
619 749 728 835 Atque
745 747 785 815 de
800 751 893 815 uocis
910 753 957 822 ὡς
974 772 1036 815 usu
1054 749 1093 816 oi.
1107 750 1206 836 Soph.
1218 751 1356 818 Pbiloct.
1366 753 1432 818 811
1443 775 1492 839 sq.

421 849 460 912 οὗ
482 849 548 932 μήν
572 850 604 912 ο’
629 849 763 930 ἔνορκόν
786 852 819 930 γ’
844 850 923 922 ἀξιῶ
946 851 1072 923 θέσθαι,
1095 847 1276 937 τέκνονεΗε

421 947 467 1016 ὡς
491 947 529 1009 οὗ
552 947 646 1028 θέμις
669 949 701 1027 γ’
726 947 853 1029 &pedon
876 953 934 1011 σοῦ
957 949 1065 1029 μολεῖν
1088 949 1170 1030 ἄτερ.

207 1052 278 1118 Iam
302 1050 342 1117 de
366 1052 414 1117 eis
437 1050 494 1136 qui
517 1055 704 1137 sequuntur
726 1051 889 1135 uersibus,
922 1073 1006 1139 quos
1029 1052 1096 1118 Leo
1127 1056 1216 1120 recte
1248 1055 1492 1141 interpretatus

207 1149 402 1234 restituerit,
427 1149 572 1214 breuiter
595 1148 779 1215 absoluam.
825 1151 936 1236 Atque
959 1151 994 1215 in
1017 1151 1131 1237 primis
1164 1153 1393 1238 quaerendum
1426 1156 1491 1237 est,

208 1270 294 1335 quae
312 1249 379 1314 sint
394 1247 452 1312 illa
471 1247 581 1316 Θάσια.
604 1246 727 1313 Urceos
746 1247 803 1313 uel
824 1269 911 1313 uasa
934 1247 1100 1334 quaedam
1124 1271 1165 1316 ea
1188 1270 1261 1316 esse
1285 1251 1348 1315 uiri
1371 1249 1492 1335 doctill

207 1348 331 1433 putant
353 1366 415 1411 neo
437 1347 553 1410 tamen
583 1344 779 1411 testimonia
805 1347 1040 1432 praebuerunt.
1076 1345 1115 1412 ci.
1132 1347 1240 1413 Strab.
1257 1347 1354 1414 Vlla
1377 1371 1409 1435 p.
1426 1350 1491 1414 317

208 1476 252 1501 =
267 1466 297 1530 p.
313 1443 442 1526 435‚29
458 1442 556 1508 Mein.
581 1445 645 1508 ἀπὸ
667 1451 723 1508 τοῦ
747 1446 948 1527 εὑρίσκεσθαι
970 1447 1113 1528 κέραμόν
1134 1472 1167 1510 τε
1189 1447 1274 1511 Χῖον
1296 1448 1351 1511 καὶ
1370 1447 1493 1512 Θάσιον

208 1545 242 1608 ἐν
264 1549 321 1606 τῶι
335 1543 479 1626 Νάρωνι.
518 1542 564 1606 At
580 1562 655 1607 cum
670 1541 849 1624 figulorum
866 1541 1063 1608 Thasiorum
1082 1563 1183 1629 opera
1198 1544 1320 1609 eximia
1335 1545 1493 1610 floruisse

208 1638 313 1722 gloria
336 1659 502 1725 nusquam
527 1639 571 1704 sit
594 1637 765 1721 traditum,
791 1660 855 1725 quo
879 1639 977 1705 modo
1006 1640 1108 1706 Θάσια
1142 1641 1333 1728 simpliciter
1365 1642 1494 1708 dictum

208 1736 296 1803 idem
329 1758 403 1802 esse
435 1757 474 1802 ac
504 1741 605 1802 ‘uasa
628 1738 763 1803 Thasia’
795 1739 910 1824 possit,
942 1758 1010 1804 non
1041 1737 1139 1808 uideo
1164 1739 1212 1820 (cf.
1237 1739 1404 1823 Bli'rmner,
1429 1741 1493 1806 Die

209 1834 429 1918 gewerbliche
452 1835 622 1918 Tatigkeit
652 1835 710 1901 der
732 1834 857 1900 leker
888 1835 946 1901 des
976 1835 1078 1902 klass.
1101 1836 1287 1903 Altertums
1310 1860 1340 1924 p.
1357 1838 1401 1903 86
1422 1844 1492 1924 sq),

209 1954 317 2019 neque
337 1934 409 1999 ueri
432 1932 537 1999 simile
558 1932 691 1998 uidetur
713 1931 747 1998 id
771 1933 859 2019 quod
881 1932 948 1998 Leo
972 1955 1001 2019 p.
1019 1934 1085 1999 684
1109 1936 1294 2001 contendit:
1317 1935 1495 2002 ‘Offenbar

208 2030 270 2097 hat
301 2052 336 2097 er
366 2053 403 2097 es
430 2031 680 2115 dbernommem
713 2030 774 2096 das
806 2032 918 2113 nitige
943 2030 1096 2098 Gescbirr
1130 2055 1171 2097 zu
1194 2032 1377 2116 besorgen?
1425 2033 1494 2100 sed

209 2128 429 2195 clarissimum
449 2128 514 2195 init
537 2150 595 2214 per
616 2131 726 2195 totam
750 2128 924 2195 Graeciam
949 2130 1065 2195 uinum
1089 2130 1261 2213 Thasium,
1285 2153 1351 2217 quo
1367 2132 1495 2218 ubique

210 2227 465 2293 delectabantur
495 2226 648 2293 homines
679 2225 798 2293 Graeci
829 2228 867 2293 ci.
888 2226 973 2294 Men.
997 2229 1033 2293 ir.
1055 2229 1158 2311 319,6
1174 2227 1213 2295 Κ.
1238 2228 1319 2294 uAF
1334 2229 1378 2295 III
1401 2252 1431 2316 p.
1449 2230 1490 2296 91

210 2326 338 2391 Aelian.
362 2325 459 2411 Epa
482 2347 513 2411 p.
530 2326 572 2390 18
595 2324 712 2390 Herch.
749 2327 812 2409 ἐγὼ
837 2327 872 2391 δὲ
894 2327 1032 2410 Λέσβιον
1054 2329 1137 2392 πίνω
1160 2329 1214 2391 καὶ
1241 2327 1361 2393 Θάσιον
1384 2327 1495 2394 Ath.I

211 2447 241 2511 p.
258 2423 450 2507 aad-290,
476 2445 539 2509 quo
560 2423 632 2488 loco
656 2425 832 2509 poetarum
847 2423 904 2510 qui
919 2423 1019 2489 huius
1035 2424 1105 2489 uini
1121 2425 1326 2490 mentionem
1340 2424 1495 2491 fecerunt

212 2524 450 2589 enumerantur
473 2522 674 2588 testimonia.
720 2522 824 2609 Atqui
846 2521 910 2587 hoc
932 2521 1106 2588 Menandri
1132 2522 1204 2588 loco
1229 2545 1259 2588 u.
1274 2522 1318 2589 46
1335 2543 1382 2608 sq.
1406 2523 1494 2588 adu-

211 2621 341 2688 lescens
365 2642 439 2686 sese
461 2622 608 2686 tacuisse
633 2620 712 2685 dicit
734 2641 777 2685 ne
800 2618 1006 2685 temulentus
1022 2618 1190 2685 uideretur
1207 2621 1293 2704 εἰμὴ
1318 2659 1363 2667 -
1387 2658 1431 2667 -
1456 2621 1497 2706 ἦν

211 2721 347 2785 ὑπόνοια
377 2721 563 2803 κραιπάλης.
609 2718 701 2799 Quae
737 2718 910 2783 ebrietatis
945 2717 1088 2803 suspicio
1124 2738 1163 2782 eo
1195 2716 1326 2782 facilius
1360 2722 1497 2804 poterat

214 2817 299 2900 oriri,
325 2817 353 2882 si
377 2816 555 2903 amphoras
571 2816 641 2881 uini
656 2837 738 2902 puer
753 2813 954 2901 pedisequus
970 2816 1135 2901 portabat.
1172 2815 1256 2899 Ergo
1273 2815 1496 2882 Menandrum

212 2916 352 2981 uocibus
374 2917 413 2979 τὰ
441 2914 542 2980 Θάσια
567 2912 667 2979 cados
691 2913 814 2978 Thasio
846 2914 925 2978 uino
955 2912 1136 2999 completos
1168 2914 1292 2980 dixisse
1323 2915 1498 3000 probabile

214 3016 274 3080 est.
309 3010 349 3078 cf.
365 3012 532 3098 Aristoph.
549 3011 634 3077 Eccl.
654 3011 739 3077 1118
756 3032 803 3097 sq.
911 3012 992 3076 πολὺ
1017 3013 1049 3077 δ’
1073 3015 1307 3095 ὑπερπέπαικεν
1330 3012 1371 3076 οὗ

668 3112 790 3175 τούτων
813 3113 963 3175 ἁπάντων
985 3111 1022 3174 τὰ
1050 3109 1145 3176 Θάσι’
1170 3111 1370 3195 ἀμφορείδια.

213 3209 419 3276 Adulescens
442 3209 543 3293 igitur
565 3211 605 3274 ut
629 3208 672 3275 ad
699 3228 859 3292 magnum
890 3206 971 3273 illud
1004 3207 1206 3292 conuiuium,
1239 3206 1279 3272 de
1310 3228 1376 3292 quo
1407 3207 1500 3274 inira

214 3331 244 3395 p.
261 3309 360 3395 78sq.
377 3307 439 3373 erit
455 3305 640 3390 dicendum,
663 3305 786 3392 aliquid
804 3305 978 3388 conferret,
1001 3327 1075 3371 cum
1092 3326 1189 3371 seruo
1205 3305 1240 3371 in
1255 3305 1360 3389 soror)
1378 3306 1499 3371 uinum

215 3406 372 3489 coemit.³)
408 3405 448 3472 oi.
471 3406 579 3471 Plaut.
604 3404 706 3471 Stich.
723 3404 788 3470 686
806 3426 852 3490 sq.
1448 3414 1455 3427 ·

362 3505 530 3590 ‘Quisquis
551 3504 741 3589 praetereat
757 3503 974 3567 comissatum
994 3500 1069 3567 uolo
1087 3501 1206 3567 uocari.
1218 3498 1262 3588 ll:
1275 3501 1452 3584 Conuenit,

375 3603 463 3666 Dum
475 3602 608 3688 quidem
621 3599 730 3664 hercle
744 3600 884 3685 quisque
896 3595 1048 3688 (ueniet)
1061 3599 1176 3664 ueniat
1189 3620 1264 3665 cum
1277 3598 1356 3664 uino
1369 3604 1452 3668 suo?

214 3710 326 3796 Atque
349 3707 472 3774 ibidem
499 3707 585 3773 uidit
617 3707 803 3792 parasitum
833 3705 890 3792 qui
921 3704 1056 3771 diuitias
1089 3706 1299 3792 splendorem
1329 3704 1497 3772 luxuriam

216 3808 430 3888 ostentabat,
461 3805 495 3871 id
526 3803 614 3892 quod
646 3826 688 3870 ex
718 3805 823 3890 ipsius
855 3803 1079 3870 adulescentis
1112 3804 1223 3870 uerbis
1259 3806 1412 3890 apertum
1446 3807 1499 3870 est

215 3928 269 3972 uu.
290 3905 432 3972 48-53.
467 3903 520 3970 Ad
544 3923 627 3989 quos
650 3924 770 3968 uersus
793 3924 902 3989 pauca
926 3905 1006 3968 sunt
1030 3901 1232 3968 adnotanda.
1271 3908 1320 3968 Ao
1343 3903 1497 3988 primum,

217 4004 305 4091 quod
322 4003 518 4070 adulescens
535 4024 565 4066 u.
582 4001 625 4067 50
640 4004 699 4067 τίν’
716 4004 863 4085 εἰργάζοο
879 4004 1006 4085 τέχνην,·
1023 3999 1113 4065 dicit:
1138 3999 1179 4065 de
1196 4002 1268 4065 arte
1284 4001 1466 4086 parasitica
1474 4002 1498 4083 ⁴)

325 4182 343 4252 ¹)
362 4180 490 4236 Britanni
510 4183 654 4235 uerterunt
672 4177 773 4251 ‘iaris’,
792 4180 850 4232 Leo
869 4195 895 4248 p.
909 4177 962 4232 680
980 4177 1052 4232 baec
1072 4178 1153 4233 dicit:
1176 4178 1232 4232 Der
1249 4178 1335 4248 junge
1347 4177 1434 4232 Manu
1447 4177 1498 4231 hai

217 4261 268 4318 aul
287 4262 349 4317 dem
367 4261 477 4316 Markte
496 4260 627 4316 Geschirr
645 4258 774 4330 gekeuit
795 4260 845 4314 das
864 4259 922 4313 ihm
942 4258 986 4312 ein
1006 4257 1109 4312 sklave
1128 4258 1341 4327 nachgetragen
1359 4259 1420 4312 hat.

323 4341 344 4413 ²)
363 4341 399 4398 cf.
411 4340 610 4408 Wechsmuth‚
629 4341 681 4395 Die
701 4340 786 4396 stadt
804 4339 898 4393 Athen
918 4339 943 4393 ll
962 4356 988 4409 p.
1000 4337 1054 4393 456
1067 4355 1108 4410 sq.

324 4422 344 4492 ³)
365 4422 440 4494 quod
453 4422 523 4477 ciuis
535 4423 595 4494 ipse
609 4423 764 4477 obsonator
777 4420 813 4475 cf.
822 4419 1011 4474 Wacbsmuth
1024 4418 1042 4473 l.
1056 4435 1076 4473 s.
1090 4436 1117 4489 p.
1130 4417 1184 4473 454
1196 4435 1237 4489 sq.
1256 4417 1349 4472 Plaut.
1363 4418 1426 4472 Aul.
1436 4416 1498 4472 264.

324 4503 344 4575 ⁴)
364 4504 399 4559 de
419 4520 475 4574 qua
487 4506 549 4558 arte
560 4502 645 4557 uelim
659 4501 790 4557 conferas
802 4500 936 4568 Ribbeck,
950 4500 1043 4554 Kolax
1055 4517 1081 4570 p.
1093 4500 1128 4554 63
1138 4517 1198 4572 sqq.
1224 4500 1291 4565 Leo,
1304 4497 1500 4553 Plautinische

217 4584 420 4655 Forschungen
440 4601 467 4655 p.
480 4584 533 4639 133
552 4584 616 4639 adn.
630 4583 655 4639 2.
683 4582 772 4638 Nicol.
785 4582 819 4638 fr.
834 4580 857 4646 1,
873 4581 978 4635 17-49
990 4581 1024 4635 K.
1044 4580 1113 4634 OAF
1125 4581 1162 4635 ΙΙΙ
1180 4597 1206 4652 p.
1222 4579 1283 4636 384.
