3098 4956
652 291 695 298 —
743 251 807 316 104
852 289 896 298 -—

132 428 268 494 Philem.
291 428 368 494 min.
391 427 431 494 fr.
458 427 531 495 lK.
555 428 681 494 GAFII
704 450 733 514 p.
751 427 817 494 540
924 430 960 494 τὸ
983 436 1049 513 πῦρ
1071 432 1173 513 μόνον

703 552 815 592 πθίὸιῖδ

130 646 193 691 neo
221 646 288 690 non
317 624 415 690 simili
446 625 577 690 ratione
607 624 726 691 Latine
757 623 882 690 ‘modo'
907 624 1027 689 dicitur
1050 623 1089 690 cf.
1110 623 1219 690 Plaut.
1235 623 1332 689 Most.
1351 622 1417 688 326

345 726 439 789 ‘caue
463 722 561 788 modo
585 745 628 789 ne
651 723 742 809 prius
765 723 801 788 in
824 723 881 788 uia
904 721 1067 788 aocubes’

238 821 354 907 Neque
378 820 418 886 de
443 821 490 886 eis
514 841 600 906 quae
625 824 812 906 sequuntur
850 819 1117 903 redintegrandis
1151 818 1222 885 ulla
1245 822 1299 884 est
1319 817 1417 884 dubi-

131 919 225 985 tatio.
271 917 348 984 Una
369 921 486 984 tamen
514 921 623 984 restat
647 918 842 985 difficultas:
875 939 976 1004 supra
1006 939 1037 982 u.
1061 917 1104 983 49
1136 918 1224 982 enim
1255 918 1417 1003 scriptum

130 1015 283 1082 uidemus
299 1007 481 1112 Holdlpwvl
496 1013 641 1106 εἴσ<ε>ισι
663 1015 758 1096 Quod
773 1014 899 1082 falsum
915 1036 989 1081 esse
1005 1018 1202 1099 argumento
1220 1015 1305 1080 satis
1317 1014 1415 1079 firmo

131 1114 360 1200 comprobauit
375 1113 600 1181 Wilamowitz
615 1115 635 1180 l.
652 1136 677 1179 s.
693 1136 723 1200 p.
736 1114 792 1180 33:
813 1113 998 1179 Pataecum
1014 1116 1054 1179 ut
1069 1114 1201 1179 intersit
1216 1113 1264 1179 rei
1281 1111 1416 1178 diuinae

129 1211 305 1278 faciendae
326 1215 480 1294 rogatum
503 1234 534 1278 u.
550 1211 594 1279 49
618 1211 707 1298 quod
734 1211 922 1278 Polemonis
938 1211 1108 1278 uoluntati
1124 1231 1192 1277 non
1209 1210 1417 1297 obsequatur

131 1311 291 1376 excusari.
338 1309 446 1390 Quare
481 1330 618 1375 necesse
654 1331 728 1375 esse
763 1309 987 1394 Polemonem,
1020 1312 1059 1375 ut
1086 1331 1173 1395 quae
1204 1329 1299 1374 socer
1327 1307 1416 1374 dicat

130 1407 257 1489 audiat,
281 1408 316 1473 in
341 1429 465 1474 scaena
487 1428 630 1474 manere.
675 1406 792 1494 Neque
816 1407 904 1473 hanc
931 1408 1136 1473 sententiam
1158 1406 1280 1473 refellit
1302 1405 1416 1471 Kaner

129 1506 149 1573 l.
171 1527 195 1572 s.
219 1528 248 1592 p.
270 1505 336 1571 206
357 1527 404 1592 sq.
451 1504 514 1585 Qui
541 1506 702 1571 traditam
736 1506 930 1571 memoriam
968 1503 1119 1570 defendit
1153 1507 1255 1590 atque
1290 1506 1415 1570 intrare

129 1603 344 1670 Polemonem
377 1604 540 1690 opinatur.
585 1603 635 1670 Ac
666 1623 742 1668 oum
766 1625 796 1668 u.
813 1604 854 1667 51
882 1602 910 1668 ὦ
935 1611 975 1687 γῆ
999 1601 1175 1690 Glyceram
1208 1601 1315 1669 dicere
1347 1622 1416 1667 non

129 1721 230 1788 posse
253 1701 436 1787 intellegat,
461 1701 572 1788 ipsum
587 1700 725 1768 Pataeci
747 1700 855 1767 filium
876 1699 998 1786 dequo
1021 1723 1053 1766 u.
1071 1701 1113 1766 50
1138 1700 1257 1767 dicitur
1275 1700 1414 1783 inducit,

131 1798 185 1864 oui
208 1800 293 1865 haec
316 1798 420 1865 uerba
445 1799 579 1865 tribnat
626 1801 672 1865 At
695 1821 738 1865 ex
761 1800 809 1865 eis
833 1821 920 1886 quae
948 1798 1074 1864 tradita
1096 1801 1177 1864 sunt
1200 1798 1291 1864 nullo
1316 1797 1415 1864 modo

129 1895 224 1962 illum
247 1896 356 1962 filium
379 1898 513 1963 omnino
545 1899 579 1962 in
610 1918 735 1964 scaena
765 1897 893 1963 uersari
923 1900 1037 1983 potest
1068 1895 1212 1981 ostendi3
1243 1918 1354 1983 neque
1388 1896 1416 1961 si

128 1994 201 2081 ipse
224 1994 315 2061 filius
339 1995 476 2061 adesset
498 1998 627 2081 patrem
650 2003 707 2062 τῶι
730 1997 791 2080 γὰρ
814 1999 876 2060 ὑῶι
898 1997 1055 2081 λαμβάνω
1080 2017 1127 2081 sq.
1151 1993 1318 2061 dicturum
1341 2015 1416 2060 esse

130 2092 283 2159 credibile
308 2096 374 2175 est;
403 2091 460 2159 sed
485 2094 513 2158 si
535 2114 571 2160 re
595 2115 676 2160 uera
700 2094 836 2160 adesset
857 2093 955 2177 filius,
981 2115 1058 2159 eum
1080 2092 1190 2179 ipsum
1219 2092 1414 2180 adpellaret,

130 2189 169 2256 cl.
194 2190 265 2256 Ter.
280 2190 383 2256 Haut.
399 2192 487 2257 1060
503 2213 566 2278 sq.:

220 2287 346 2355 ‘Gnate
364 2290 417 2365 mi,
437 2311 496 2373 ego
516 2288 571 2376 pol
587 2289 649 2355 tibi
665 2289 752 2356 dabo
768 2289 861 2355 illam
876 2288 1021 2376 lepidam
1037 2310 1140 2376 quam
1155 2292 1194 2354 tu
1209 2287 1305 2355 facile
1322 2309 1416 2354 ames

233 2387 352 2453 Piliam
368 2387 600 2454 Phanocratae
617 2389 741 2454 nostri?
827 2389 945 2472 ltaque
965 2390 1055 2453 recte
1071 2387 1233 2454 iudicauit
1249 2386 1415 2453 Wilamo-

129 2485 222 2551 witz:
245 2487 351 2552 intrat
367 2484 518 2573 Glycera
543 2485 678 2552 Polemo
701 2489 855 2551 remanet
874 2485 908 2550 in
926 2506 1057 2552 scaena.
1092 2485 1179 2551 Huic
1193 2485 1294 2567 igitur
1310 2484 1417 2551 uerba

131 2582 160 2648 ὦ
184 2592 225 2668 γῆ
246 2583 426 2650 tribuenda
449 2587 537 2650 sunt.
573 2583 665 2664 Quae
689 2583 795 2650 uerba
818 2584 903 2650 bene
928 2583 1072 2650 editores
1103 2584 1150 2649 sic
1174 2581 1417 2670 suppleuerunt

129 2681 159 2747 ὦ
183 2691 223 2766 γῆ
248 2681 314 2769 [καὶ
336 2682 420 2770 θεοὶ]
446 2681 496 2765 (cf.
512 2681 652 2748 Nicostr.
675 2681 714 2769 fr.
732 2683 752 2746 5
767 2681 806 2748 K.
831 2681 913 2747 GAP
928 2682 958 2747 ll
980 2704 1010 2768 p.
1026 2681 1092 2746 220

343 2783 414 2846 ἀλλ’
438 2784 596 2866 ἐπριάμην
618 2784 698 2865 παρ’
724 2782 850 2865 ἀνδρός,
875 2780 904 2845 ὦ
928 2788 968 2864 γῆ
990 2782 1044 2844 acl
1066 2782 1155 2845 θεοί·

129 2880 165 2943 et
195 2877 360 2943 Aristaen.
393 2899 441 2965 ep.
457 2878 486 2943 Π
502 2879 546 2944 20
569 2900 599 2965 p.
619 2879 681 2945 170
704 2878 822 2944 Herch.
846 2881 893 2950 ὡς
922 2879 1109 2961 φιλόνεικος,
1137 2878 1230 2952 εἶπεν,
1262 2880 1417 2962 ὑπάρχεις

129 2977 184 3040 καὶ
206 2977 276 3040 λίαν
307 2978 395 3060 γυνή,
427 2979 475 3048 ὡς
505 2978 684 3061 ἀτεράμων,
717 2976 746 3042 ὦ
777 2984 818 3060 γῆ
848 2978 902 3041 καὶ
932 2978 1016 3059 θεοί)
1041 2975 1106 3040 nisi
1129 2974 1218 3061 quod
1248 2976 1312 3041 hoc
1341 2974 1415 3041 loco

130 3071 244 3138 malim
283 3072 424 3140 scribere
463 3076 521 3159 Γῆ.
575 3074 677 3140 Terra
720 3075 819 3158 enim,
863 3073 927 3139 dea
968 3093 1036 3139 non
1078 3071 1187 3139 solum
1228 3071 1416 3138 fertilitatis

129 3191 284 3254 agrorum
300 3171 359 3238 sed
375 3173 478 3238 etiam
494 3173 602 3239 omnis
622 3172 852 3238 abundantiae
869 3174 1009 3254 auctrix,
1027 3172 1161 3237 nomine
1177 3172 1415 3255 Κουροτρόφος

130 3267 364 3355 adpellabatnr
392 3269 442 3351 (cf.
466 3272 614 3337 Roscher
636 3270 655 3337 l.
673 3293 698 3336 s.
721 3271 782 3354 12,
808 3270 905 3353 1570)
934 3291 974 3336 ao
1005 3290 1081 3335 cum
1110 3268 1244 3334 fiebant
1273 3268 1415 3355 nuptiae

128 3368 163 3432 in
187 3371 374 3452 προτελείοις
398 3390 484 3454 quae
509 3372 635 3436 uocant
656 3369 898 3456 implorabatur
917 3371 956 3434 ut
972 3368 1130 3451 coniuges
1146 3369 1285 3449 augeret
1300 3365 1415 3432 liberis

130 3485 232 3552 qnam
263 3465 412 3552 plurimis
445 3467 485 3533 cf.
510 3467 872 3552 Schoemann-Lipsins
903 3464 922 3532 l.
939 3488 964 3532 s.
980 3466 1009 3531 ll
1036 3487 1066 3551 p.
1087 3465 1160 3531 584.
1210 3464 1328 3552 Neque
1362 3467 1415 3530 est

130 3585 188 3629 cnr
215 3584 283 3629 non
314 3565 367 3630 hio
398 3586 540 3651 qnoque,
576 3565 772 3652 praesertim
808 3585 883 3629 cum
918 3563 958 3628 de
993 3564 1119 3650 nuptiis
1154 3584 1194 3628 ac
1228 3583 1263 3628 re
1299 3561 1416 3628 diuina

128 3661 281 3728 facienda
312 3662 409 3728 modo
442 3667 556 3728 actum
587 3664 640 3745 sit,
673 3661 772 3727 simili
803 3662 940 3727 notione
973 3664 1007 3727 et
1038 3660 1137 3727 simili
1167 3659 1416 3727 sententiarum

130 3758 243 3824 ordine
267 3759 354 3825 illius
379 3760 462 3827 deae
486 3761 611 3825 mentio
637 3760 681 3826 sit
704 3759 805 3843 facta,
829 3761 900 3826 siue
917 3761 1002 3826 serio
1019 3757 1060 3824 de
1075 3779 1110 3824 re
1127 3758 1242 3824 diuina
1256 3757 1415 3824 facienda

129 3855 356 3923 disserebatur
379 3858 450 3924 siue
475 3857 608 3924 Polemo
633 3857 728 3924 miles
751 3859 924 3923 immemor
947 3878 1059 3923 eorum
1084 3878 1170 3942 qnae
1194 3856 1293 3922 modo
1319 3878 1349 3923 u.
1369 3855 1413 3921 41

129 3976 222 4021 socer
244 3956 398 4039 iusserat,
424 3955 548 4044 aliquid
573 3957 657 4022 dixit
680 3957 720 4023 de
746 3956 932 4044 duplicibus
952 3956 1079 4042 nuptiis
1095 3955 1272 4042 liberisque
1289 3952 1414 4020 futuris

129 4052 200 4119 ioco
225 4054 367 4121 fortasse
391 4077 473 4120 usus
497 4077 515 4120 e
540 4076 691 4121 sermone
716 4054 878 4122 castrensi
902 4057 1032 4140 arrepto
1064 4074 1127 4119 neo
1158 4053 1242 4119 satis
1273 4052 1414 4120 urbano.

130 4150 195 4217 Sed
219 4152 394 4218 redeamus
419 4152 462 4219 ad
486 4175 540 4218 uu.
556 4153 600 4220 49
617 4174 686 4239 sqq.
914 4156 1040 4237 ἑτέρους
1065 4148 1234 4240 ζη[τητεόν]

342 4253 423 4316 ἐστὶν
447 4254 573 4335 γάμους
594 4277 660 4335 μοι.
698 4248 791 4341 τῶ<ι>
815 4253 875 4335 γὰρ
900 4248 1024 4340 ὑῶ<ι>1)
1056 4248 1235 4337 λαμβά[νω]

341 4351 398 4432 τὴν
421 4357 476 4414 τοῦ
505 4346 700 4439 Φιλ<ί>νονο
725 4352 890 4451 θυγατέρ’.

236 4508 255 4579 1)
275 4508 311 4562 cf.
330 4506 518 4564 Meisterbans
538 4510 556 4564 Ι.
570 4526 591 4565 s
611 4510 627 4578 ἐ
642 4509 763 4576 17,1-6
782 4525 808 4580 p.
823 4509 858 4564 59
871 4526 912 4581 sq.

236 4589 255 4660 ¹)
276 4589 312 4646 cf.
332 4587 470 4643 Kircbner
489 4590 581 4645 1.s.11
599 4607 625 4661 p.
639 4590 693 4645 356
705 4607 766 4662 sqq.
786 4589 833 4644 Nr.
849 4587 1076 4643 14299—14339.
