3096 4950
660 249 881 315 -70-

130 425 240 490 MOY
257 447 287 491 u.
303 424 355 490 46.
394 423 479 508 llrgo
503 424 556 490 hic
583 446 651 491 non
666 426 690 490 I
699 425 812 492 littera
842 424 916 510 luit,
948 424 1008 493 sed
1032 428 1068 492 Y.
1113 428 1231 515 ltaque
1262 428 1404 496 fortasse

130 525 220 588 recte
245 523 433 607 scripsimus
458 525 504 595 ὡς
535 521 701 625 deppam
732 521 829 613 τοῦτ’)
865 524 898 590 16
937 524 1026 611 quod
1065 529 1194 611 spectet
1144 524 1273 593 tetad
1307 551 1340 594 u
1367 530 1405 592 42

132 631 239 701 οὐθεὶς
262 631 450 714 ἐπλούτησαν
480 630 555 695 ε1
546 631 831 743 interpretandum
862 631 905 696 sit
936 634 1050 712 ‘tlrece
1081 636 1120 698 tu
1144 632 1298 719 quidem)
1332 656 1405 700 nam

132 729 195 793 hoc
212 727 286 792 iren
301 747 368 791 non
384 748 426 812 po
429 730 505 792 ttes
506 728 651 814 Aque
668 726 708 794 de
724 749 815 794 uocrs
833 754 879 801 ως
895 751 959 794 usu
976 728 1015 795 cf
1029 729 1127 815 Soph.
1139 730 1278 798 Philoct.
1255 732 1405 818 t.811sq

345 828 384 890 οὐ
406 828 471 909 μήν
495 829 527 890 σ’
553 828 741 910 ἔνορκάνγ’
766 830 846 901 ἀξιῶ
869 829 995 902 θέσθαι,
1017 832 1141 894 τέκνον·
1154 826 1197 916 ἔρ)

345 925 391 994 ὡς
414 926 453 987 οὐ
475 925 624 1007 θέμις’
592 949 609 1006 γ
649 926 776 1007 ἐμοῦστι
799 932 856 990 σοῦ
879 927 987 1008 μολεῖν
1010 928 1091 1010 άπερ.

131 1030 202 1096 Iam
226 1028 265 1095 de
290 1029 337 1094 eis
361 1029 417 1114 qui
441 1033 627 1114 sequuntur
650 1029 812 1113 uersibus
845 1052 928 1116 quos
951 1030 1018 1096 Leo
1049 1034 1137 1099 recte
1169 1033 1408 1120 interpretatus

131 1127 325 1212 restituerit,
351 1127 495 1192 breuiter
518 1126 702 1193 absoluam.
747 1130 858 1214 Atque
882 1129 916 1193 in
940 1129 1053 1215 primis
1086 1131 1316 1216 quaerendum
1348 1135 1407 1215 est,

132 1247 218 1312 quae
235 1226 303 1291 sint
317 1225 375 1290 illa
395 1225 504 1292 Θάσια.
528 1224 650 1291 Urceos
670 1224 725 1292 uel
747 1247 833 1291 uasa
856 1224 1021 1313 quaedam
1046 1249 1086 1294 ea
1109 1249 1183 1294 esse
1206 1229 1270 1294 uiri
1294 1229 1409 1313 docti¹l

131 1326 254 1410 putant
276 1344 339 1388 nec
361 1326 476 1388 tamen
507 1323 701 1389 testimonia
727 1324 961 1409 praebuerunt.
997 1323 1275 1392 ci.Strab.V119
1300 1349 1331 1414 p.
1347 1328 1408 1392 317

131 1453 175 1478 =
190 1443 221 1508 p.
236 1421 312 1503 435,
323 1420 365 1486 29
382 1419 479 1486 Mein.
504 1423 568 1486 ἀπὸ
591 1429 646 1487 τοῦ
670 1424 871 1505 εὑρίσκεσθαι
892 1425 1035 1507 κέραμάν
1057 1449 1089 1489 τε
1110 1425 1195 1489 Χῖον
1218 1427 1272 1490 καὶ
1293 1425 1409 1491 Θάσιον

132 1522 165 1585 ἓν
188 1526 244 1584 τῶι
258 1520 402 1603 Νάρωνι.
442 1518 487 1584 At
503 1539 578 1584 cum
593 1518 772 1602 figulorum
788 1519 985 1586 Thasiorum
1004 1541 1104 1607 opera
1120 1522 1242 1587 eximia
1257 1522 1410 1588 floruisse

132 1615 237 1700 gloria
259 1637 426 1703 nusquam
449 1616 494 1681 sit
517 1615 687 1698 traditum,
713 1618 899 1701 quomodo
928 1617 1029 1684 Θάσια
1063 1619 1254 1706 simpliciter
1287 1620 1411 1686 dictum

132 1713 219 1779 idem
252 1735 326 1779 esse
358 1735 397 1780 ac
427 1718 528 1779 ‘uasa
551 1715 686 1780 Thasia’
717 1717 832 1800 possit,
863 1736 932 1781 non
963 1715 1060 1785 uideo
1085 1716 1134 1796 (cf.
1158 1717 1327 1802 Bliimner,
1351 1718 1410 1783 Die

132 1811 351 1896 gewerbliche
375 1812 545 1895 Tadgkeit
576 1813 634 1878 der
655 1812 780 1878 leker
810 1812 868 1878 des
898 1813 1000 1880 klass
1023 1814 1208 1880 Altertums
1231 1837 1262 1901 p.
1278 1815 1323 1881 85
1344 1822 1410 1901 sq),

132 1931 241 1996 neque
260 1911 332 1976 ueri
355 1909 461 1976 simile
481 1909 614 1976 uidetur
636 1909 670 1976 id
693 1911 780 1995 quod
803 1909 870 1976 Leo
894 1932 923 1996 p.
941 1912 1007 1976 684
1030 1913 1215 1978 contendit:
1239 1912 1413 1979 ‘Osienbar

132 2008 194 2074 hat
224 2029 259 2074 er
289 2029 325 2074 es
354 2009 602 2092 iibernommen,
636 2008 697 2074 das
729 2009 841 2091 nbtige
865 2008 1018 2074 Geschirr
1051 2031 1092 2074 zu
1115 2010 1299 2094 besorgen?
1347 2009 1413 2077 Sed

133 2106 352 2172 clarissimum
372 2106 437 2172 fuit
460 2127 517 2191 per
540 2109 649 2172 totam
673 2104 847 2172 Graeciam
870 2107 986 2172 uinum
1010 2106 1182 2190 Thasium,
1207 2129 1272 2194 quo
1288 2108 1413 2195 ubique

134 2203 388 2270 delectabantur
418 2203 571 2269 homines
602 2202 720 2270 Graeci
751 2205 789 2269 ci.
810 2203 895 2270 Men.
918 2205 955 2270 ir.
977 2205 1079 2288 319,5
1095 2204 1134 2272 K.
1159 2205 1240 2271 OAF
1255 2207 1299 2272 III
1323 2228 1353 2293 p.
1370 2205 1410 2272 91

133 2302 261 2368 Aelian.
285 2302 381 2388 Ep8
406 2324 435 2388 p.
453 2303 495 2366 18
518 2301 635 2367 Herch.
671 2304 734 2385 ἐγὼ
759 2304 793 2367 δὲ
816 2304 954 2387 Λέσβιον
976 2306 1058 2368 πίνω
1081 2306 1134 2368 καὶ
1162 2303 1282 2370 Θάσιον
1306 2303 1414 2370 Ath.I

135 2422 164 2486 p.
181 2399 372 2483 aed-290,
398 2421 462 2485 quo
483 2400 554 2465 loco
579 2402 753 2485 poetarum
769 2400 826 2486 qui
841 2400 940 2465 huius
957 2401 1027 2466 uini
1042 2402 1247 2466 mentionem
1261 2400 1414 2467 fecerunt

135 2502 373 2565 enumerantur
395 2498 597 2564 testimonia.
642 2498 746 2583 Atqui
768 2498 832 2563 hoc
853 2497 1027 2564 Menandri
1053 2499 1124 2564 loco
1148 2522 1179 2565 u.
1195 2498 1239 2565 46
1256 2519 1304 2585 sq.
1328 2499 1413 2564 adu-

134 2597 264 2663 lescens
288 2618 361 2662 sese
385 2599 531 2662 tacuisse
556 2596 634 2661 dicit
657 2617 699 2660 ne
722 2595 927 2661 temulentus
943 2595 1112 2661 uideretur
1128 2598 1214 2680 εἰμὴ
1239 2635 1283 2642 -
1309 2635 1353 2643 -
1376 2597 1416 2680 ἦν

136 2697 270 2760 ὑπόνοια
301 2698 486 2779 κραιπάλης.
532 2694 623 2774 Quae
659 2693 832 2759 ebrietatis
866 2693 1010 2779 suspicio
1046 2714 1084 2758 eo
1115 2692 1246 2758 facilius
1281 2696 1416 2781 poterat

138 2793 222 2876 oriri,
248 2794 276 2858 si
300 2792 478 2879 amphoras
493 2792 564 2856 uini
579 2812 660 2877 puer
675 2790 876 2876 pedisequus
892 2792 1056 2877 portabat.
1092 2791 1177 2874 Ergo
1194 2790 1415 2858 Menandrum

135 2892 275 2957 uocibus
297 2893 335 2955 τὰ
364 2891 465 2956 Θάσια
490 2889 589 2955 cados
613 2888 736 2954 Thasio
767 2890 846 2954 uino
876 2889 1057 2974 completos
1089 2889 1212 2955 dixisse
1243 2889 1416 2977 probabile

138 2993 197 3056 est.
233 2987 273 3054 cf.
288 2988 455 3074 Aristoph.
472 2985 556 3052 Eccl.
576 2986 661 3052 1118
679 3008 725 3072 sq.
833 2988 913 3051 πολὺ
938 2989 971 3052 δ’
995 2990 1227 3071 ὑπερπέπαικεν
1251 2987 1292 3052 αὗ

590 3088 712 3151 τούτων
735 3087 884 3150 ἁπάντων
907 3087 943 3149 τὰ
971 3084 1066 3151 Θάσι’
1091 3087 1291 3169 ἀμφορείδια.

137 3184 374 3251 Adulescens
365 3184 426 3268 igit
426 3207 466 3249 ur
411 3186 528 3250 tut
551 3184 593 3249 ad
621 3204 781 3266 magnum
812 3181 893 3248 illud
926 3182 1126 3266 conuiuium,
1160 3182 1199 3247 de
1232 3203 1297 3268 quo
1329 3181 1418 3248 infra

137 3305 167 3370 p
184 3284 227 3351 78
237 3305 282 3368 sq
300 3282 362 3348 erit
378 3281 562 3365 dicendum,
585 3281 708 3367 aliquid
726 3280 899 3363 conferret,
922 3301 998 3346 cum
1014 3302 1110 3346 seruo
1126 3280 1161 3346 in
1177 3279 1281 3364 10103)
1298 3281 1417 3402 uinum

138 3381 242 3448 coemi
243 3383 295 3462 13)
331 3380 370 3446 ci.
394 3381 502 3446 Plaut.
527 3333 628 3445 Stich.
646 3378 710 3444 686
728 3400 773 3464 sq.

285 3479 452 3563 Quisquis
473 3481 663 3564 praetereat
679 3477 895 3543 comissatum
915 3476 990 3542 uolo
1007 3477 1126 3542 uocari
1139 3472 1183 3563 1)
1195 3475 1372 3558 Conuenit,

297 3577 385 3641 Dum
398 3576 530 3662 quidem
544 3574 652 3640 hercle
666 3575 805 3660 quisque
818 3570 969 3663 (ueniet)
981 3573 1097 3639 ueniat
1110 3595 1185 3638 cum
1197 3573 1276 3639 uino
1289 3577 1373 3641 suo?

137 3685 249 3771 Atque
272 3682 395 3748 ibidem
422 3682 507 3747 uidit
539 3683 724 3766 parasitum
755 3681 811 3767 qui
842 3680 977 3746 diuitias
1010 3680 1218 3766 splendorem
1249 3679 1417 3746 luxuriam

139 3781 352 3863 ostentabat,
384 3779 418 3845 id
449 3778 536 3866 quod
569 3801 610 3844 ex
641 3779 744 3864 ipsius
777 3779 1000 3845 adulescentis
1033 3778 1144 3844 uerbis
1180 3781 1332 3864 apertum
1366 3779 1420 3844 est

139 3903 193 3946 uu.
213 3878 355 3945 48-53.
390 3878 442 3944 Ad
467 3898 549 3962 quos
572 3898 692 3943 uersus
716 3898 824 3963 panca
847 3881 927 3942 sunt
951 3875 1153 3942 adnotanda.
1192 3882 1240 3941 Ac
1263 3875 1417 3961 primum,

140 3978 228 4064 quod
244 3976 440 4043 adulescens
457 3998 487 4040 u.
504 3975 547 4041 50
562 3978 621 4040 τίν’
639 3978 785 4060 εἰργάζοσ
801 3978 927 4058 ιέχνην,·
944 3973 1035 4039 dicit:
1059 3973 1099 4039 de
1116 3976 1188 4040 arte
1205 3974 1387 4059 parasitica
1395 3973 1418 4056 4)

248 4156 266 4225 1)
285 4154 412 4209 Britanni
431 4156 577 4208 uerterunt
594 4151 695 4224 ‘iaris’‚
714 4154 771 4206 Leo
790 4168 817 4221 p.
830 4151 884 4205 680
901 4151 973 4205 haec
993 4151 1074 4206 dicit:
1097 4151 1153 4204 Der
1170 4151 1255 4220 junge
1266 4149 1354 4204 Manu
1368 4149 1419 4204 hat

140 4234 191 4290 aui
210 4234 271 4288 dem
289 4235 400 4289 Markte
418 4233 550 4288 Gescbirr
568 4232 696 4302 gekauft,
716 4233 767 4286 das
785 4231 843 4284 ihm
863 4231 907 4284 ein
927 4230 1030 4286 Sklave
1049 4230 1260 4300 nacbgetragen
1279 4231 1341 4284 hat.

247 4314 267 4382 ²)
286 4313 321 4370 cf.
334 4313 532 4379 Wacbsmutb,
552 4313 603 4367 Die
623 4311 707 4368 Stadt
725 4311 820 4365 Athen
839 4311 864 4365 lI
883 4328 909 4381 p.
921 4310 975 4366 456
988 4328 1029 4382 sq.

248 4393 267 4463 3)
288 4394 363 4465 quod
376 4394 445 4448 ciuis
458 4394 518 4463 ipse
531 4394 686 4448 obsonator
699 4392 734 4446 cf.
745 4392 931 4445 Wachsmuth
946 4391 963 4446 l.
977 4407 997 4444 s.
1011 4408 1037 4461 p.
1050 4390 1104 4445 454
1117 4407 1157 4460 sq.
1175 4389 1268 4444 Plaut.
1282 4389 1346 4444 Aul.
1356 4386 1419 4444 264.

247 4474 267 4544 3)
287 4474 322 4528 (1ο
342 4489 398 4544 qua
410 4476 471 4527 arte
483 4473 567 4527 uelim
581 4472 712 4527 conferas
724 4471 857 4539 Ribbeck,
872 4471 964 4525 Kolax
976 4489 1002 4542 p.
1014 4471 1048 4526 63
1058 4489 1118 4542 sqq.
1144 4471 1211 4536 Leo,
1224 4467 1421 4524 Plautinische

122 4552 335 4624 Forscbungen
352 4571 382 4625 p.
397 4554 452 4610 133
471 4554 537 4611 adn.
551 4554 577 4612 2.
605 4552 696 4611 Nicol.
708 4553 744 4611 ir.
756 4551 783 4620 1,
795 4552 903 4607 tt-le
911 4552 951 4606 u.
967 4552 1035 4606 bAd
1046 4553 1089 4604 ul
1102 4569 1133 4620 p.
1142 4551 1209 4605 aad
