3098 4956
654 241 898 307 -113-

132 423 161 483 τ’
198 421 304 495 ε’λάας,
343 421 389 504 μὴ
428 417 635 507 πρ]οσελιλὼν
665 417 886 509 καταμάοη<ι>
924 418 1019 485 Kock
1052 420 1319 486 KATAMAeH
1345 419 1413 488 cod.

134 566 167 609 u.
184 545 239 610 25:
264 543 416 632 [τάρρητα
439 543 694 632 πολυπράγμων]
718 570 742 610 τ.
767 548 789 610 ἒ.
813 554 869 629 τῆς
891 542 1007 634 <ι9ε>οῦ
1030 544 1125 610 Koek
1152 545 1284 646 OZOl'
1302 544 1372 613 cod.

242 742 292 805 Ac
314 740 528 822 sagacissime
552 739 685 825 quidem
708 739 902 823 Iemstedtl)
925 740 1002 806 inde
1026 762 1047 805 a
1070 741 1138 806 u.9
1162 739 1203 805 de
1222 739 1414 806 Phasmatis

135 841 348 921 argumento,
385 837 473 924 quod
508 841 561 903 est
594 837 754 904 traditum
789 836 879 923 apud
908 839 1079 904 Donatum
1111 837 1154 902 ad
1184 838 1256 904 Ter.
1286 836 1414 903 Eun9

133 959 165 1023 p.
181 937 290 1017 272‚1
314 935 485 1017 Wessner,
518 936 572 1018 agi
603 937 752 1019 agnouit,
785 936 844 1001 sed
868 957 953 1021 quae
977 940 1151 1022 praeterea
1173 934 1213 1000 de
1237 936 1301 1002 hoc
1322 935 1413 1018 irag-

134 1035 249 1099 mento
281 1034 421 1099 coniecit
444 1054 485 1098 ea
507 1037 656 1120 repetere
681 1033 792 1117 nolim,
825 1034 984 1120 quoniam
1007 1055 1048 1098 ea
1070 1033 1202 1120 probari
1225 1054 1293 1099 non
1315 1053 1414 1119 posse

133 1131 229 1198 Koclr
251 1130 271 1196 l.
288 1153 313 1198 s,
329 1153 358 1218 p.
375 1130 440 1196 229
454 1152 500 1216 sq.
525 1131 777 1197 demonstrauit.
813 1131 1053 1218 Supplementa
1075 1151 1153 1196 uero
1171 1151 1256 1217 quae
1272 1129 1326 1196 ille
1343 1132 1414 1216 ipse

133 1231 317 1316 proposuit,
349 1230 503 1313 quamuis
526 1229 612 1295 bene
635 1230 670 1295 in
693 1250 830 1295 sensum
854 1230 1028 1315 quadrent,
1061 1232 1184 1312 tamen,
1218 1250 1293 1295 cum
1316 1229 1414 1294 nimis

133 1330 262 1394 incerta
286 1328 353 1392 sint
369 1328 490 1411 omnia,
515 1328 550 1392 in
565 1331 699 1394 textum
714 1328 857 1414 recipere
873 1326 1110 1393 dubitauimus
1148 1327 1264 1413 Neque
1280 1327 1414 1393 omnino

134 1447 253 1491 uersus
278 1427 365 1491 1-8
398 1427 432 1490 et
455 1426 565 1492 9-25
595 1426 683 1490 inter
715 1447 751 1491 se
775 1425 999 1508 seiungendos
1023 1446 1096 1491 esse
1120 1424 1217 1490 nobis
1239 1425 1414 1511 persuasit.

133 1522 200 1589 Sed
224 1543 299 1587 cum
323 1543 408 1609 quae
426 1521 467 1589 de
482 1522 547 1588 hac
570 1544 605 1588 re
630 1523 894 1606 excogitauimus
918 1543 959 1588 ea
982 1523 1025 1588 ad
1048 1521 1242 1589 umbilicum
1264 1521 1413 1588 nondum

133 1619 371 1686 adduxerimus
401 1641 511 1708 neque
534 1622 679 1686 incertas
703 1620 913 1686 coniecturas
936 1621 1080 1707 proferre
1102 1622 1206 1703 iuuet,
1240 1642 1329 1686 nunc
1352 1620 1415 1686 hoc

131 1716 359 1801 fragmentum
382 1718 520 1784 missum
544 1717 654 1784 facere
678 1719 775 1784 nobis
798 1718 906 1786 liceat.

470 1977 673 2043 incertarum
695 1976 888 2044 fabularum
911 1976 1077 2063 reliquiae.

743 2111 811 2177 XII.
885 2126 892 2143 ·

348 2245 383 2308 τὸ
406 2245 466 2328 μὲν
489 2242 587 2335 <γάρ>
611 2248 837 2329 ἐξαμαρτάνειν
859 2242 1011 2334 <ἅ>νιασιν
1034 2249 1175 2330 ἔμφυτον

347 2345 401 2406 καὶ
422 2345 540 2418 κοινόν,
563 2344 758 2429 ἀναδραμεῖν
782 2345 818 2409 ἀὲ
840 2344 896 2428 τὴν
919 2347 1073 2428 ἁμαρτίαν

348 2442 387 2504 οὐ
410 2448 465 2505 τοῦ
488 2442 638 2525 τυχόντος
660 2443 787 2526 ἀνδρός,
812 2443 881 2506 ἀλλ’
907 2443 1083 2524 ἀξιολόγου.

240 2553 310 2620 Ηοε
326 2575 443 2621 uersus
461 2556 518 2642 qui
534 2562 654 2623 extant
665 2557 754 2644 apud
769 2556 973 2622 Clementem
985 2556 1248 2622 Alexandrinum
1259 2554 1359 2622 Paed.
1372 2555 1416 2621 ΠΙ

132 2654 186 2734 12,
200 2653 287 2736 93,3
312 2653 441 2739 (pret,
459 2655 499 2720 10
523 2654 663 2737 stenen)
688 2654 864 2720 Menandri
888 2676 961 2720 esse
985 2652 1150 2720 intellexit
1172 2654 1280 2738 ΒΙαεε,
1304 2652 1414 2719 Herm.

128 2749 258 2816 XXXV
274 2750 361 2816 1900
376 2772 406 2837 p.
420 2751 485 2817 340
498 2774 544 2838 sq.
561 2755 755 2838 comparato
771 2751 947 2818 Menandri
962 2751 1000 2817 fr.
1017 2750 1082 2817 993
1094 2751 1133 2818 Κ.
1150 2751 1232 2818 OAF
1248 2751 1291 2816 ΠΙ
1306 2773 1336 2838 p.
1349 2751 1413 2816 251

130 2852 297 2934 ἀνατρέχω
327 2850 521 2934 Μένανδρος
551 2853 619 2916 ἀντὶ
648 2860 704 2916 τοῦ
737 2854 877 2917 ἀναλύοι.
922 2851 1034 2938 Atque
1068 2851 1212 2916 ἀναλύειν
1243 2848 1331 2915 idem
1363 2850 1416 2914 est

131 2967 173 3012 ac
196 2947 291 3012 ‘satis
313 2944 423 3012 facere
447 2946 487 3012 de
510 2949 631 3014 iniuria
654 2949 787 3036 aliqua'‚
814 2949 853 3016 cf.
869 2950 1041 3015 Demosth.
1057 2947 1134 3014 XXI
1147 2949 1212 3014 275
1235 2971 1265 3036 p.
1281 2947 1356 3031 584,
1374 2947 1414 3012 le

131 3046 204 3110 ἀλλ’
228 3047 263 3119 ἕξ
284 3047 410 3129 ὕβρεως
432 3048 486 3110 καὶ
509 3049 544 3111 ἔκ
567 3055 623 3112 τοῦ
638 3049 741 3132 μηδὲν
765 3052 805 3113 ἀν
820 3047 868 3113 ὧν
890 3050 1062 3132 πεποίηκεν
1086 3050 1237 3113 ἀναλῦσαι
1258 3048 1415 3112 δύνασθαι

130 3146 266 3228 κρίνεται
298 3142 404 3208 Schol.
430 3143 506 3210 Oed.
532 3145 596 3211 (lol.
621 3145 709 3212 1270
731 3166 762 3231 p.
779 3145 912 3228 452,12
935 3145 1137 3231 Papageorg.
1168 3148 1247 3229 ἀκη·
1271 3145 1337 3210 ἀντὶ
1359 3150 1415 3208 τοῦ

131 3243 389 3306 ἀνακαλέσασθαι
419 3243 497 3306 αιἰτά
528 3245 582 3307 καὶ
613 3245 777 3309 ἀναλῦσαι.
823 3242 939 3330 Neque
971 3242 1082 3308 aliena
1113 3246 1165 3308 est
1195 3265 1216 3308 a
1243 3240 1416 3307 Menandri

133 3338 277 3404 dictione
300 3337 440 3403 uerbum
464 3343 688 3424 ἐξαμαρτάνειν
713 3341 754 3408 cf.
778 3340 816 3407 fr.
832 3341 899 3406 448
910 3340 949 3407 K.
973 3339 1054 3404 OAF
1077 3340 1121 3405 Ill
1143 3362 1172 3426 p.
1190 3340 1254 3405 129

348 3448 456 3518 οὐθεὶς
478 3449 621 3521 ξύνοιάεν
645 3451 877 3533 ἐξαμαρτάνων
899 3449 1001 3513 πόσον

347 3546 518 3627 ἁμαρτάνει
542 3568 568 3611 e.
582 3568 610 3632 q.
624 3569 648 3612 S.

132 3659 168 3724 fr.
192 3658 257 3724 619
280 3658 320 3725 Κ.
352 3657 434 3724 OAF‘
456 3659 500 3724 Ill
530 3683 559 3747 p.
587 3662 648 3727 186
679 3665 818 3747 χαλεπόν
851 3689 885 3748 γε
914 3665 1034 3728 τοιαῦτ’
1068 3664 1148 3729 ἐστὶν
1178 3662 1414 3747 ἐξαμαρτάνειν.

134 3777 241 3843 neque
261 3758 427 3840 ἀξιόλογος
443 3758 483 3823 de
506 3759 577 3823 uiro
602 3759 727 3825 dictum
747 3782 949 3847 quamquam
966 3761 1054 3846 apud
1071 3761 1180 3848 ipsum
1196 3758 1415 3826 Menandrum

133 3874 200 3919 non
230 3853 361 3937 legitur,
393 3858 508 3921 tamen
540 3856 721 3942 quidquam
752 3858 856 3924 habet
879 3859 1086 3946 suspicionis,
1119 3859 1275 3944 quoniam
1298 3857 1415 3922 tritum

135 3956 187 4018 est
217 3951 307 4039 apud
337 3954 468 4019 Atticos
499 3954 715 4021 uocabulum:
752 3956 791 4021 ci.
820 3955 1086 4041 Thue.1110,3
1118 3958 1312 4039 συγκαλέσας
1341 3955 1415 4026 τοὺς

135 4051 325 4134 στρατηγοὺς
346 4058 411 4116 τῶν
433 4053 559 4118 πόλεων
574 4061 688 4119 πασῶν
713 4056 767 4119 καὶ
789 4055 862 4126 τοὺς
876 4056 1009 4138 μάλιστα
1029 4059 1062 4119 ἐν
1077 4056 1154 4119 τέλει
1169 4055 1223 4118 καὶ
1238 4054 1412 4136 ἀξιολογω-

133 4150 253 4220 τάτους.
300 4148 345 4212 Vl
368 4148 454 4232 60,2
477 4153 587 4216 πολλοὶ
609 4153 663 4217 καὶ
686 4154 846 4236 ἀξιόλογοι
870 4154 1040 4236 ἄνθρωποι
1062 4153 1124 4236 ἤδη
1149 4155 1182 4217 ἐν
1203 4158 1261 4216 τῶι
1285 4152 1411 4234 δεσμω-

133 4248 243 4329 τηρίοιι
266 4247 347 4330 ἦσαν
369 4245 452 4312 Xen.
476 4248 571 4315 Mem.
596 4249 640 4315 III
663 4251 728 4332 9,3
756 4252 817 4336 χρὴ
841 4252 895 4315 καὶ
917 4251 989 4321 τοὺς
1013 4252 1242 4334 εὐφυεστέρους
1264 4249 1414 4320 καὶτοὺς

240 4460 258 4529 ¹)
278 4459 357 4514 cuius
382 4459 480 4514 librum
499 4461 574 4533 quod
598 4462 666 4517 mihi
683 4464 886 4532 interpretatus
905 4465 950 4516 est
968 4462 1068 4517 Garolo
1081 4461 1217 4527 ¹Schmidt
1235 4461 1325 4516 sodali
1344 4461 1415 4514 Dor·

134 4539 244 4607 palensi
262 4540 368 4608 gratias
386 4557 441 4609 ago
461 4559 545 4612 quam
563 4544 709 4596 maximas,

185 4634 355 4682 Kretschmar.
1219 4633 1236 4685 8
