<?xml version="1.0" encoding="UTF-8"?>
<!DOCTYPE html PUBLIC "-//W3C//DTD XHTML 1.0 Transitional//EN"
    "http://www.w3.org/TR/xhtml1/DTD/xhtml1-transitional.dtd">
<html xmlns="http://www.w3.org/1999/xhtml" xml:lang="en" lang="en">
 <head>
  <title>
</title>
<meta http-equiv="Content-Type" content="text/html;charset=utf-8" />
  <meta name='ocr-system' content='tesseract 3.04.00' />
  <meta name='ocr-capabilities' content='ocr_page ocr_carea ocr_par ocr_line ocrx_word'/>
</head>
<body>
  <div class='ocr_page' id='page_1' title='image "./demenandrireliq01kretgoog_0059.png"; bbox 0 0 3098 4956; ppageno 0'>
   <div class='ocr_carea' id='block_1_1' title="bbox 658 257 880 321">
    <p class='ocr_par' dir='ltr' id='par_1_1' title="bbox 658 257 880 321">
     <span class='ocr_line' id='line_1_1' title="bbox 658 257 880 321; baseline -0.005 -17"><span class='ocrx_word' id='word_1_1' title='bbox 658 257 880 321; x_wconf 67' lang='lat'>,52-</span> 
     </span>
    </p>
   </div>
   <div class='ocr_carea' id='block_1_2' title="bbox 130 433 1413 523">
    <p class='ocr_par' dir='ltr' id='par_1_2' title="bbox 130 433 1413 523">
     <span class='ocr_line' id='line_1_2' title="bbox 130 433 1413 523; baseline -0.001 -22"><span class='ocrx_word' id='word_1_2' title='bbox 130 434 330 523; x_wconf 82' lang='lat' dir='ltr'>comprobet.</span> <span class='ocrx_word' id='word_1_3' title='bbox 361 434 431 500; x_wconf 88' lang='lat' dir='ltr'>Nec</span> <span class='ocrx_word' id='word_1_4' title='bbox 446 433 554 499; x_wconf 85' lang='lat' dir='ltr'>multa</span> <span class='ocrx_word' id='word_1_5' title='bbox 570 437 651 500; x_wconf 91' lang='lat' dir='ltr'>sunt</span> <span class='ocrx_word' id='word_1_6' title='bbox 666 433 869 501; x_wconf 89' lang='lat' dir='ltr'>adnotanda.</span> <span class='ocrx_word' id='word_1_7' title='bbox 900 434 949 499; x_wconf 81' lang='lat' dir='ltr'>Ac</span> <span class='ocrx_word' id='word_1_8' title='bbox 965 434 1174 520; x_wconf 78' lang='lat' dir='ltr'>paupertatis</span> <span class='ocrx_word' id='word_1_9' title='bbox 1184 436 1206 517; x_wconf 77' lang='lat'>1)</span> <span class='ocrx_word' id='word_1_10' title='bbox 1230 433 1413 500; x_wconf 79' lang='lat' dir='ltr'>Menander</span> 
     </span>
    </p>
   </div>
   <div class='ocr_carea' id='block_1_3' title="bbox 127 532 1429 4224">
    <p class='ocr_par' dir='ltr' id='par_1_3' title="bbox 127 532 1429 4224">
     <span class='ocr_line' id='line_1_3' title="bbox 129 532 1413 619; baseline -0.002 -21"><span class='ocrx_word' id='word_1_11' title='bbox 129 533 221 600; x_wconf 90' lang='lat' dir='ltr'>haud</span> <span class='ocrx_word' id='word_1_12' title='bbox 254 553 329 598; x_wconf 87' lang='lat' dir='ltr'>raro</span> <span class='ocrx_word' id='word_1_13' title='bbox 363 532 444 598; x_wconf 85' lang='lat' dir='ltr'>fecit</span> <span class='ocrx_word' id='word_1_14' title='bbox 477 534 683 597; x_wconf 74' lang='lat' dir='ltr'>mentionem</span> <span class='ocrx_word' id='word_1_15' title='bbox 718 536 752 597; x_wconf 91' lang='lat' dir='ltr'>et</span> <span class='ocrx_word' id='word_1_16' title='bbox 785 532 978 619; x_wconf 92' lang='lat' dir='ltr'>plerumque</span> <span class='ocrx_word' id='word_1_17' title='bbox 1010 532 1060 598; x_wconf 87' lang='lat' dir='ltr'>ita</span> <span class='ocrx_word' id='word_1_18' title='bbox 1094 532 1238 617; x_wconf 92' lang='lat' dir='ltr'>quidem,</span> <span class='ocrx_word' id='word_1_19' title='bbox 1277 534 1317 597; x_wconf 90' lang='lat' dir='ltr'>ut</span> <span class='ocrx_word' id='word_1_20' title='bbox 1351 532 1413 618; x_wconf 93' lang='lat' dir='ltr'>ipsi</span> 
     </span>
     <span class='ocr_line' id='line_1_4' title="bbox 129 629 1413 716; baseline -0.001 -21"><span class='ocrx_word' id='word_1_21' title='bbox 129 630 281 697; x_wconf 90' lang='lat' dir='ltr'>homines</span> <span class='ocrx_word' id='word_1_22' title='bbox 304 650 468 716; x_wconf 88' lang='lat' dir='ltr'>pauperes</span> <span class='ocrx_word' id='word_1_23' title='bbox 493 632 575 716; x_wconf 90' lang='lat' dir='ltr'>quot</span> <span class='ocrx_word' id='word_1_24' title='bbox 598 635 632 695; x_wconf 93' lang='lat' dir='ltr'>et</span> <span class='ocrx_word' id='word_1_25' title='bbox 655 630 791 715; x_wconf 91' lang='lat' dir='ltr'>quantis</span> <span class='ocrx_word' id='word_1_26' title='bbox 816 632 1052 695; x_wconf 84' lang='lat' dir='ltr'>excerceantur</span> <span class='ocrx_word' id='word_1_27' title='bbox 1074 629 1310 716; x_wconf 89' lang='lat' dir='ltr'>iniquitatibus</span> <span class='ocrx_word' id='word_1_28' title='bbox 1335 651 1413 695; x_wconf 89' lang='lat' dir='ltr'>con—</span> 
     </span>
     <span class='ocr_line' id='line_1_5' title="bbox 130 733 324 814; baseline -0.015 -19"><span class='ocrx_word' id='word_1_29' title='bbox 130 733 324 814; x_wconf 86' lang='lat' dir='ltr'>querantur:</span> 
     </span>
     <span class='ocr_line' id='line_1_6' title="bbox 129 824 1009 911; baseline -0.001 -20"><span class='ocrx_word' id='word_1_30' title='bbox 129 825 166 891; x_wconf 87' lang='lat' dir='ltr'>fr.</span> <span class='ocrx_word' id='word_1_31' title='bbox 184 827 204 891; x_wconf 90' lang='lat'>4</span> <span class='ocrx_word' id='word_1_32' title='bbox 220 826 259 891; x_wconf 91' lang='lat' dir='ltr'>K.</span> <span class='ocrx_word' id='word_1_33' title='bbox 284 824 365 891; x_wconf 80' lang='lat' dir='ltr'>GAF</span> <span class='ocrx_word' id='word_1_34' title='bbox 380 825 424 890; x_wconf 91' lang='lat' dir='ltr'>HI</span> <span class='ocrx_word' id='word_1_35' title='bbox 446 826 514 911; x_wconf 90' lang='lat' dir='ltr'>p.4</span> <span class='ocrx_word' id='word_1_36' title='bbox 632 829 726 909; x_wconf 83' lang='grc' dir='ltr'><em>ἔργον</em></span> <span class='ocrx_word' id='word_1_37' title='bbox 749 828 851 907; x_wconf 81' lang='grc' dir='ltr'><em>εὑρεῖν</em></span> <span class='ocrx_word' id='word_1_38' title='bbox 874 833 1009 908; x_wconf 83' lang='grc' dir='ltr'><em>συγγενῆ</em></span> 
     </span>
     <span class='ocr_line' id='line_1_7' title="bbox 343 925 1014 1008; baseline 0 -21"><span class='ocrx_word' id='word_1_39' title='bbox 343 925 476 1008; x_wconf 89' lang='grc' dir='ltr'><em>πένητάς</em></span> <span class='ocrx_word' id='word_1_40' title='bbox 500 926 594 988; x_wconf 80' lang='grc' dir='ltr'><em>ἐστιν’</em></span> <span class='ocrx_word' id='word_1_41' title='bbox 613 925 688 988; x_wconf 78' lang='grc' dir='ltr'><em>οὐδὲ</em></span> <span class='ocrx_word' id='word_1_42' title='bbox 711 925 754 995; x_wconf 85' lang='grc' dir='ltr'>εἷς</span> <span class='ocrx_word' id='word_1_43' title='bbox 778 925 837 1006; x_wconf 89' lang='grc' dir='ltr'>γὰρ</span> <span class='ocrx_word' id='word_1_44' title='bbox 861 925 1014 1007; x_wconf 85' lang='grc' dir='ltr'><em>ὁμολογεῖ</em></span> 
     </span>
     <span class='ocr_line' id='line_1_8' title="bbox 342 1022 995 1106; baseline 0.002 -21"><span class='ocrx_word' id='word_1_45' title='bbox 342 1024 441 1086; x_wconf 80' lang='grc' dir='ltr'><em>αὓτῶι</em></span> <span class='ocrx_word' id='word_1_46' title='bbox 462 1024 636 1105; x_wconf 80' lang='grc' dir='ltr'><strong><em>προσήκειν</em></strong></span> <span class='ocrx_word' id='word_1_47' title='bbox 656 1022 712 1086; x_wconf 90' lang='grc' dir='ltr'>τδν</span> <span class='ocrx_word' id='word_1_48' title='bbox 735 1023 890 1106; x_wconf 73' lang='grc' dir='ltr'><em>βοηθείας</em></span> <span class='ocrx_word' id='word_1_49' title='bbox 911 1022 995 1093; x_wconf 86' lang='grc' dir='ltr'><em>τινὸς</em></span> 
     </span>
     <span class='ocr_line' id='line_1_9' title="bbox 344 1120 1115 1203; baseline -0.001 -19"><span class='ocrx_word' id='word_1_50' title='bbox 344 1121 512 1203; x_wconf 89' lang='grc' dir='ltr'><em>δεόμενον·</em></span> <span class='ocrx_word' id='word_1_51' title='bbox 529 1121 680 1184; x_wconf 85' lang='grc' dir='ltr'><em>αἰτεῖσθαι</em></span> <span class='ocrx_word' id='word_1_52' title='bbox 704 1120 765 1202; x_wconf 85' lang='grc' dir='ltr'>γάρ</span> <span class='ocrx_word' id='word_1_53' title='bbox 789 1122 855 1203; x_wconf 87' lang='grc' dir='ltr'>ἅμα</span> <span class='ocrx_word' id='word_1_54' title='bbox 878 1145 906 1183; x_wconf 91' lang='grc' dir='ltr'><em>τι</em></span> <span class='ocrx_word' id='word_1_55' title='bbox 928 1122 1115 1202; x_wconf 88' lang='grc' dir='ltr'><em>προσδοκᾶι.</em></span> 
     </span>
     <span class='ocr_line' id='line_1_10' title="bbox 128 1216 1220 1304; baseline -0.002 -21"><span class='ocrx_word' id='word_1_56' title='bbox 128 1217 166 1284; x_wconf 80' lang='lat' dir='ltr'>fr.</span> <span class='ocrx_word' id='word_1_57' title='bbox 183 1218 204 1284; x_wconf 87' lang='grc'><strong>6</strong></span> <span class='ocrx_word' id='word_1_58' title='bbox 219 1216 258 1283; x_wconf 83' lang='lat' dir='ltr'><strong>K</strong></span> <span class='ocrx_word' id='word_1_59' title='bbox 283 1216 364 1283; x_wconf 77' lang='lat' dir='ltr'>OAF</span> <span class='ocrx_word' id='word_1_60' title='bbox 379 1218 422 1283; x_wconf 92' lang='grc' dir='ltr'>ΠΙ</span> <span class='ocrx_word' id='word_1_61' title='bbox 445 1239 474 1304; x_wconf 91' lang='lat' dir='ltr'>p.</span> <span class='ocrx_word' id='word_1_62' title='bbox 491 1219 510 1283; x_wconf 84' lang='lat'>5</span> <span class='ocrx_word' id='word_1_63' title='bbox 535 1218 617 1301; x_wconf 87' lang='grc' dir='ltr'><em>πρὸς</em></span> <span class='ocrx_word' id='word_1_64' title='bbox 641 1221 762 1282; x_wconf 87' lang='grc' dir='ltr'><em>ἅπαντα</em></span> <span class='ocrx_word' id='word_1_65' title='bbox 788 1219 889 1282; x_wconf 89' lang='grc' dir='ltr'><em>δειλδν</em></span> <span class='ocrx_word' id='word_1_66' title='bbox 912 1219 930 1281; x_wconf 87' lang='grc' dir='ltr'>ὁ</span> <span class='ocrx_word' id='word_1_67' title='bbox 953 1220 1051 1300; x_wconf 92' lang='grc' dir='ltr'><em>πένης</em></span> <span class='ocrx_word' id='word_1_68' title='bbox 1074 1219 1136 1282; x_wconf 76' lang='grc' dir='ltr'><em>ἐστὶ</em></span> <span class='ocrx_word' id='word_1_69' title='bbox 1160 1218 1220 1301; x_wconf 89' lang='grc' dir='ltr'>γάρ</span> 
     </span>
     <span class='ocr_line' id='line_1_11' title="bbox 537 1317 1339 1400; baseline -0.001 -21"><span class='ocrx_word' id='word_1_70' title='bbox 537 1317 591 1380; x_wconf 84' lang='grc' dir='ltr'>καὶ</span> <span class='ocrx_word' id='word_1_71' title='bbox 613 1318 732 1387; x_wconf 82' lang='grc' dir='ltr'><em>πάντας</em></span> <span class='ocrx_word' id='word_1_72' title='bbox 755 1319 853 1380; x_wconf 81' lang='grc' dir='ltr'><em>αὑτοῦ</em></span> <span class='ocrx_word' id='word_1_73' title='bbox 876 1323 1087 1398; x_wconf 81' lang='grc' dir='ltr'><em>καταφρονεῖν</em></span> <span class='ocrx_word' id='word_1_74' title='bbox 1109 1318 1339 1400; x_wconf 77' lang='grc' dir='ltr'><em>ὑπολαμβάνει.</em></span> 
     </span>
     <span class='ocr_line' id='line_1_12' title="bbox 128 1413 1418 1499; baseline -0.001 -20"><span class='ocrx_word' id='word_1_75' title='bbox 128 1413 166 1480; x_wconf 83' lang='lat' dir='ltr'>fr.</span> <span class='ocrx_word' id='word_1_76' title='bbox 183 1413 249 1479; x_wconf 88' lang='lat'>404</span> <span class='ocrx_word' id='word_1_77' title='bbox 264 1413 303 1479; x_wconf 85' lang='lat' dir='ltr'>K.</span> <span class='ocrx_word' id='word_1_78' title='bbox 328 1413 409 1479; x_wconf 79' lang='lat' dir='ltr'>OAF</span> <span class='ocrx_word' id='word_1_79' title='bbox 424 1413 468 1478; x_wconf 88' lang='grc' dir='ltr'>ΠΙ</span> <span class='ocrx_word' id='word_1_80' title='bbox 487 1435 517 1499; x_wconf 93' lang='lat' dir='ltr'>p.</span> <span class='ocrx_word' id='word_1_81' title='bbox 534 1413 597 1478; x_wconf 82' lang='lat'>117</span> <span class='ocrx_word' id='word_1_82' title='bbox 622 1413 651 1477; x_wconf 84' lang='grc' dir='ltr'><strong><em>ὦ</em></strong></span> <span class='ocrx_word' id='word_1_83' title='bbox 675 1415 740 1496; x_wconf 85' lang='grc' dir='ltr'><em>τρὶς</em></span> <span class='ocrx_word' id='word_1_84' title='bbox 770 1416 981 1497; x_wconf 81' lang='grc' dir='ltr'><em>κακοδαίμων</em></span> <span class='ocrx_word' id='word_1_85' title='bbox 1013 1415 1095 1484; x_wconf 87' lang='grc' dir='ltr'><em>ὅστις</em></span> <span class='ocrx_word' id='word_1_86' title='bbox 1126 1417 1173 1478; x_wconf 84' lang='grc' dir='ltr'><em>ῶν</em></span> <span class='ocrx_word' id='word_1_87' title='bbox 1200 1417 1299 1498; x_wconf 81' lang='grc' dir='ltr'><em>πένης</em></span> <span class='ocrx_word' id='word_1_88' title='bbox 1323 1422 1418 1498; x_wconf 83' lang='grc' dir='ltr'><em>γαμεῖ</em></span> 
     </span>
     <span class='ocr_line' id='line_1_13' title="bbox 624 1513 1060 1596; baseline 0 -21"><span class='ocrx_word' id='word_1_89' title='bbox 624 1513 678 1576; x_wconf 87' lang='grc' dir='ltr'>καί</span> <span class='ocrx_word' id='word_1_90' title='bbox 700 1513 922 1576; x_wconf 75' lang='grc' dir='ltr'><em>παιδοποιεῖθ.</em></span> <span class='ocrx_word' id='word_1_91' title='bbox 948 1533 973 1578; x_wconf 88' lang='grc' dir='ltr'>ε.</span> <span class='ocrx_word' id='word_1_92' title='bbox 991 1533 1019 1596; x_wconf 93' lang='lat' dir='ltr'>q.</span> <span class='ocrx_word' id='word_1_93' title='bbox 1036 1532 1060 1575; x_wconf 83' lang='lat' dir='ltr'>S.</span> 
     </span>
     <span class='ocr_line' id='line_1_14' title="bbox 128 1608 1320 1694; baseline -0.001 -19"><span class='ocrx_word' id='word_1_94' title='bbox 128 1609 166 1676; x_wconf 83' lang='lat' dir='ltr'>fr.</span> <span class='ocrx_word' id='word_1_95' title='bbox 182 1609 248 1677; x_wconf 81' lang='lat'>405</span> <span class='ocrx_word' id='word_1_96' title='bbox 264 1609 303 1675; x_wconf 85' lang='lat' dir='ltr'>K.</span> <span class='ocrx_word' id='word_1_97' title='bbox 328 1608 408 1675; x_wconf 65' lang='grc' dir='ltr'>ΘΑΕ</span> <span class='ocrx_word' id='word_1_98' title='bbox 423 1608 467 1674; x_wconf 91' lang='grc' dir='ltr'>ΠΙ</span> <span class='ocrx_word' id='word_1_99' title='bbox 489 1631 519 1694; x_wconf 92' lang='lat' dir='ltr'>p.</span> <span class='ocrx_word' id='word_1_100' title='bbox 537 1609 602 1674; x_wconf 83' lang='lat'>118</span> <span class='ocrx_word' id='word_1_101' title='bbox 625 1612 708 1680; x_wconf 85' lang='grc' dir='ltr'><em>ὅστις</em></span> <span class='ocrx_word' id='word_1_102' title='bbox 731 1613 828 1693; x_wconf 87' lang='grc' dir='ltr'><em>πένης</em></span> <span class='ocrx_word' id='word_1_103' title='bbox 851 1614 899 1674; x_wconf 87' lang='grc' dir='ltr'><em>ῶν</em></span> <span class='ocrx_word' id='word_1_104' title='bbox 923 1613 980 1694; x_wconf 83' lang='grc' dir='ltr'><em>ζῆν</em></span> <span class='ocrx_word' id='word_1_105' title='bbox 1003 1612 1037 1675; x_wconf 86' lang='grc' dir='ltr'><em>ἒν</em></span> <span class='ocrx_word' id='word_1_106' title='bbox 1060 1612 1143 1673; x_wconf 83' lang='grc' dir='ltr'><em>ἄστει</em></span> <span class='ocrx_word' id='word_1_107' title='bbox 1165 1611 1320 1693; x_wconf 81' lang='grc' dir='ltr'><em>βούλεται,</em></span> 
     </span>
     <span class='ocr_line' id='line_1_15' title="bbox 616 1710 1244 1791; baseline 0 -20"><span class='ocrx_word' id='word_1_108' title='bbox 616 1710 818 1791; x_wconf 74' lang='grc' dir='ltr'><em>ἀθυμότερον</em></span> <span class='ocrx_word' id='word_1_109' title='bbox 841 1710 954 1772; x_wconf 81' lang='grc' dir='ltr'><em>ἑαυτὸν</em></span> <span class='ocrx_word' id='word_1_110' title='bbox 977 1710 1129 1790; x_wconf 72' lang='grc' dir='ltr'><em>ἐπιθυμεῖ</em></span> <span class='ocrx_word' id='word_1_111' title='bbox 1147 1716 1244 1772; x_wconf 88' lang='grc' dir='ltr'><em>ποεῖν.</em></span> 
     </span>
     <span class='ocr_line' id='line_1_16' title="bbox 616 1807 1365 1889; baseline 0.001 -19"><span class='ocrx_word' id='word_1_112' title='bbox 616 1807 690 1870; x_wconf 83' lang='grc' dir='ltr'><em>ὅταν</em></span> <span class='ocrx_word' id='word_1_113' title='bbox 715 1808 775 1889; x_wconf 87' lang='grc' dir='ltr'>γάρ</span> <span class='ocrx_word' id='word_1_114' title='bbox 799 1809 842 1877; x_wconf 87' lang='grc' dir='ltr'>εἰς</span> <span class='ocrx_word' id='word_1_115' title='bbox 865 1815 1036 1888; x_wconf 79' lang='grc' dir='ltr'><em>τρυφῶντα</em></span> <span class='ocrx_word' id='word_1_116' title='bbox 1059 1807 1113 1869; x_wconf 86' lang='grc' dir='ltr'>καὶ</span> <span class='ocrx_word' id='word_1_117' title='bbox 1136 1807 1254 1889; x_wconf 84' lang='grc' dir='ltr'><em>σχολὴν</em></span> <span class='ocrx_word' id='word_1_118' title='bbox 1277 1808 1365 1888; x_wconf 83' lang='grc' dir='ltr'><em>ἄγειν</em></span> 
     </span>
     <span class='ocr_line' id='line_1_17' title="bbox 616 1905 1399 1987; baseline 0.001 -20"><span class='ocrx_word' id='word_1_119' title='bbox 616 1905 796 1987; x_wconf 76' lang='grc' dir='ltr'><em>δυνάμενον</em></span> <span class='ocrx_word' id='word_1_120' title='bbox 819 1906 985 1987; x_wconf 77' lang='grc' dir='ltr'><em>ἒμβλέηιηι,</em></span> <span class='ocrx_word' id='word_1_121' title='bbox 1008 1907 1075 1968; x_wconf 81' lang='grc' dir='ltr'><em>τότ’</em></span> <span class='ocrx_word' id='word_1_122' title='bbox 1101 1905 1197 1967; x_wconf 78' lang='grc' dir='ltr'><em>αὐτὸν</em></span> <span class='ocrx_word' id='word_1_123' title='bbox 1221 1906 1287 1968; x_wconf 81' lang='grc' dir='ltr'><em>ἔστ’</em></span> <span class='ocrx_word' id='word_1_124' title='bbox 1312 1906 1399 1979; x_wconf 82' lang='grc' dir='ltr'><em>ἰδεῖν,</em></span> 
     </span>
     <span class='ocr_line' id='line_1_18' title="bbox 614 2003 1272 2085; baseline 0 -19"><span class='ocrx_word' id='word_1_125' title='bbox 614 2003 661 2072; x_wconf 86' lang='grc' dir='ltr'><em>ῶς</em></span> <span class='ocrx_word' id='word_1_126' title='bbox 684 2003 796 2066; x_wconf 85' lang='grc' dir='ltr'><em>ἄθλιον</em></span> <span class='ocrx_word' id='word_1_127' title='bbox 821 2005 871 2085; x_wconf 82' lang='grc' dir='ltr'>ζῆι</span> <span class='ocrx_word' id='word_1_128' title='bbox 893 2003 947 2066; x_wconf 84' lang='grc' dir='ltr'>καί</span> <span class='ocrx_word' id='word_1_129' title='bbox 969 2003 1170 2083; x_wconf 90' lang='grc' dir='ltr'><em>ταλαίπωρον</em></span> <span class='ocrx_word' id='word_1_130' title='bbox 1192 2004 1272 2085; x_wconf 92' lang='grc' dir='ltr'><em>βίον.</em></span> 
     </span>
     <span class='ocr_line' id='line_1_19' title="bbox 129 2099 1278 2184; baseline -0.002 -19"><span class='ocrx_word' id='word_1_131' title='bbox 129 2100 167 2166; x_wconf 86' lang='lat' dir='ltr'>fr.</span> <span class='ocrx_word' id='word_1_132' title='bbox 184 2101 248 2166; x_wconf 82' lang='grc'>597</span> <span class='ocrx_word' id='word_1_133' title='bbox 266 2100 304 2166; x_wconf 89' lang='lat' dir='ltr'>K.</span> <span class='ocrx_word' id='word_1_134' title='bbox 329 2099 411 2165; x_wconf 80' lang='lat' dir='ltr'>GAF</span> <span class='ocrx_word' id='word_1_135' title='bbox 426 2100 469 2164; x_wconf 90' lang='grc' dir='ltr'>ΙΠ</span> <span class='ocrx_word' id='word_1_136' title='bbox 492 2120 522 2184; x_wconf 91' lang='lat' dir='ltr'>p.</span> <span class='ocrx_word' id='word_1_137' title='bbox 542 2099 612 2164; x_wconf 88' lang='lat'>181.</span> <span class='ocrx_word' id='word_1_138' title='bbox 644 2103 778 2184; x_wconf 90' lang='grc' dir='ltr'><em>πένητος</em></span> <span class='ocrx_word' id='word_1_139' title='bbox 802 2101 901 2164; x_wconf 79' lang='grc' dir='ltr'><em>οὐθέν</em></span> <span class='ocrx_word' id='word_1_140' title='bbox 923 2103 986 2163; x_wconf 78' lang='grc' dir='ltr'><em>ἐστι</em></span> <span class='ocrx_word' id='word_1_141' title='bbox 1009 2101 1278 2182; x_wconf 88' lang='grc' dir='ltr'><em>δυστυχέστερον·</em></span> 
     </span>
     <span class='ocr_line' id='line_1_20' title="bbox 641 2199 1323 2281; baseline 0.001 -20"><span class='ocrx_word' id='word_1_142' title='bbox 641 2200 763 2262; x_wconf 86' lang='grc' dir='ltr'><em>ἅπαντα</em></span> <span class='ocrx_word' id='word_1_143' title='bbox 786 2200 909 2281; x_wconf 90' lang='grc' dir='ltr'><em>μοχθεῖ</em></span> <span class='ocrx_word' id='word_1_144' title='bbox 927 2200 1106 2279; x_wconf 89' lang='grc' dir='ltr'><em>κάγρυπνεῖ</em></span> <span class='ocrx_word' id='word_1_145' title='bbox 1125 2199 1323 2280; x_wconf 77' lang='grc' dir='ltr'><em>κάργάζεται,</em></span> 
     </span>
     <span class='ocr_line' id='line_1_21' title="bbox 641 2297 1136 2378; baseline 0 -19"><span class='ocrx_word' id='word_1_146' title='bbox 641 2299 683 2360; x_wconf 74' lang='grc' dir='ltr'><em>ἵν’</em></span> <span class='ocrx_word' id='word_1_147' title='bbox 708 2298 802 2367; x_wconf 83' lang='grc' dir='ltr'><em>ἄλλος</em></span> <span class='ocrx_word' id='word_1_148' title='bbox 825 2297 931 2360; x_wconf 77' lang='grc' dir='ltr'><em>ἐλθὼν</em></span> <span class='ocrx_word' id='word_1_149' title='bbox 954 2297 1136 2378; x_wconf 89' lang='grc' dir='ltr'><em>μεταλάβηι.</em></span> 
     </span>
     <span class='ocr_line' id='line_1_22' title="bbox 128 2393 1345 2478; baseline -0.002 -19"><span class='ocrx_word' id='word_1_150' title='bbox 128 2394 166 2459; x_wconf 80' lang='lat' dir='ltr'>ir.</span> <span class='ocrx_word' id='word_1_151' title='bbox 184 2394 250 2459; x_wconf 87' lang='lat'>810</span> <span class='ocrx_word' id='word_1_152' title='bbox 266 2393 305 2458; x_wconf 87' lang='lat' dir='ltr'>K.</span> <span class='ocrx_word' id='word_1_153' title='bbox 330 2393 411 2459; x_wconf 79' lang='lat' dir='ltr'>CAF</span> <span class='ocrx_word' id='word_1_154' title='bbox 427 2394 470 2458; x_wconf 90' lang='lat' dir='ltr'>III</span> <span class='ocrx_word' id='word_1_155' title='bbox 486 2414 516 2478; x_wconf 92' lang='lat' dir='ltr'>p.</span> <span class='ocrx_word' id='word_1_156' title='bbox 533 2393 599 2458; x_wconf 83' lang='grc'>220</span> <span class='ocrx_word' id='word_1_157' title='bbox 645 2395 875 2477; x_wconf 86' lang='grc' dir='ltr'><em>αἰσχυνόμενος</em></span> <span class='ocrx_word' id='word_1_158' title='bbox 890 2396 1029 2476; x_wconf 85' lang='grc' dir='ltr'><em>αἴσχιστα</em></span> <span class='ocrx_word' id='word_1_159' title='bbox 1044 2396 1155 2457; x_wconf 81' lang='grc' dir='ltr'><em>πενίαν</em></span> <span class='ocrx_word' id='word_1_160' title='bbox 1171 2397 1211 2457; x_wconf 81' lang='grc' dir='ltr'><em>ἂν</em></span> <span class='ocrx_word' id='word_1_161' title='bbox 1226 2396 1345 2476; x_wconf 83' lang='grc' dir='ltr'><em>φέροις.</em></span> 
     </span>
     <span class='ocr_line' id='line_1_23' title="bbox 128 2490 1413 2577; baseline -0.002 -19"><span class='ocrx_word' id='word_1_162' title='bbox 128 2493 199 2558; x_wconf 85' lang='grc' dir='ltr'>Νεε</span> <span class='ocrx_word' id='word_1_163' title='bbox 222 2491 310 2577; x_wconf 94' lang='lat' dir='ltr'>quod</span> <span class='ocrx_word' id='word_1_164' title='bbox 341 2493 411 2556; x_wconf 88' lang='lat' dir='ltr'>tam</span> <span class='ocrx_word' id='word_1_165' title='bbox 443 2512 544 2577; x_wconf 87' lang='lat' dir='ltr'>saepe</span> <span class='ocrx_word' id='word_1_166' title='bbox 571 2490 753 2557; x_wconf 88' lang='lat' dir='ltr'>Menander</span> <span class='ocrx_word' id='word_1_167' title='bbox 784 2490 824 2556; x_wconf 90' lang='lat' dir='ltr'>de</span> <span class='ocrx_word' id='word_1_168' title='bbox 856 2491 977 2556; x_wconf 89' lang='lat' dir='ltr'>ciuium</span> <span class='ocrx_word' id='word_1_169' title='bbox 1008 2491 1165 2576; x_wconf 86' lang='lat' dir='ltr'>pauperie</span> <span class='ocrx_word' id='word_1_170' title='bbox 1197 2494 1231 2556; x_wconf 91' lang='lat' dir='ltr'>et</span> <span class='ocrx_word' id='word_1_171' title='bbox 1259 2495 1413 2574; x_wconf 85' lang='lat' dir='ltr'>egestate</span> 
     </span>
     <span class='ocr_line' id='line_1_24' title="bbox 129 2587 1414 2657; baseline -0.002 -1"><span class='ocrx_word' id='word_1_172' title='bbox 129 2590 232 2657; x_wconf 87' lang='lat' dir='ltr'>uerba</span> <span class='ocrx_word' id='word_1_173' title='bbox 267 2589 349 2655; x_wconf 82' lang='lat' dir='ltr'>iacit</span> <span class='ocrx_word' id='word_1_174' title='bbox 382 2589 571 2655; x_wconf 89' lang='lat' dir='ltr'>mirandum</span> <span class='ocrx_word' id='word_1_175' title='bbox 606 2593 666 2655; x_wconf 87' lang='lat' dir='ltr'>est.</span> <span class='ocrx_word' id='word_1_176' title='bbox 724 2588 785 2653; x_wconf 82' lang='lat' dir='ltr'>Illa</span> <span class='ocrx_word' id='word_1_177' title='bbox 816 2590 904 2653; x_wconf 88' lang='lat' dir='ltr'>enirn</span> <span class='ocrx_word' id='word_1_178' title='bbox 936 2592 1049 2654; x_wconf 86' lang='lat' dir='ltr'>aetate</span> <span class='ocrx_word' id='word_1_179' title='bbox 1080 2587 1306 2654; x_wconf 85' lang='lat' dir='ltr'>Athenienses</span> <span class='ocrx_word' id='word_1_180' title='bbox 1338 2610 1414 2654; x_wconf 87' lang='lat' dir='ltr'>curn</span> 
     </span>
     <span class='ocr_line' id='line_1_25' title="bbox 130 2685 1429 2773; baseline -0.002 -18"><span class='ocrx_word' id='word_1_181' title='bbox 130 2692 245 2756; x_wconf 89' lang='lat' dir='ltr'>essent</span> <span class='ocrx_word' id='word_1_182' title='bbox 267 2687 423 2753; x_wconf 86' lang='lat' dir='ltr'>libertate</span> <span class='ocrx_word' id='word_1_183' title='bbox 446 2688 579 2773; x_wconf 86' lang='lat' dir='ltr'>priuati,</span> <span class='ocrx_word' id='word_1_184' title='bbox 604 2708 680 2752; x_wconf 91' lang='lat' dir='ltr'>cum</span> <span class='ocrx_word' id='word_1_185' title='bbox 704 2686 826 2769; x_wconf 83' lang='lat' dir='ltr'>singuli</span> <span class='ocrx_word' id='word_1_186' title='bbox 848 2685 995 2772; x_wconf 85' lang='lat' dir='ltr'>plerique</span> <span class='ocrx_word' id='word_1_187' title='bbox 1015 2687 1105 2751; x_wconf 90' lang='lat' dir='ltr'>ciues</span> <span class='ocrx_word' id='word_1_188' title='bbox 1121 2691 1195 2750; x_wconf 89' lang='lat' dir='ltr'>tum</span> <span class='ocrx_word' id='word_1_189' title='bbox 1210 2707 1263 2753; x_wconf 89' lang='lat' dir='ltr'>res</span> <span class='ocrx_word' id='word_1_190' title='bbox 1280 2686 1429 2772; x_wconf 59' lang='lat' dir='ltr'>publica,</span> 
     </span>
     <span class='ocr_line' id='line_1_26' title="bbox 128 2783 1415 2864; baseline -0.002 -11"><span class='ocrx_word' id='word_1_191' title='bbox 128 2789 221 2853; x_wconf 91' lang='lat' dir='ltr'>uitae</span> <span class='ocrx_word' id='word_1_192' title='bbox 261 2784 508 2852; x_wconf 80' lang='lat' dir='ltr'>condicionibus</span> <span class='ocrx_word' id='word_1_193' title='bbox 547 2785 731 2851; x_wconf 88' lang='lat' dir='ltr'>utebantur</span> <span class='ocrx_word' id='word_1_194' title='bbox 768 2784 874 2850; x_wconf 90' lang='lat' dir='ltr'>multo</span> <span class='ocrx_word' id='word_1_195' title='bbox 914 2783 1131 2849; x_wconf 89' lang='lat' dir='ltr'>deterioribus</span> <span class='ocrx_word' id='word_1_196' title='bbox 1171 2805 1271 2864; x_wconf 91' lang='lat' dir='ltr'>quam</span> <span class='ocrx_word' id='word_1_197' title='bbox 1310 2789 1415 2851; x_wconf 85' lang='lat' dir='ltr'>antea</span> 
     </span>
     <span class='ocr_line' id='line_1_27' title="bbox 128 2881 1414 2970; baseline -0.002 -20"><span class='ocrx_word' id='word_1_198' title='bbox 128 2905 287 2970; x_wconf 86' lang='lat' dir='ltr'>unquam,</span> <span class='ocrx_word' id='word_1_199' title='bbox 313 2884 351 2948; x_wconf 86' lang='lat' dir='ltr'>ci.</span> <span class='ocrx_word' id='word_1_200' title='bbox 368 2882 641 2947; x_wconf 87' lang='lat' dir='ltr'>Biichsenschiitz</span> <span class='ocrx_word' id='word_1_201' title='bbox 656 2881 676 2949; x_wconf 92' lang='lat' dir='ltr'>l.</span> <span class='ocrx_word' id='word_1_202' title='bbox 693 2904 718 2947; x_wconf 91' lang='lat' dir='ltr'>s.</span> <span class='ocrx_word' id='word_1_203' title='bbox 738 2904 767 2968; x_wconf 91' lang='lat' dir='ltr'>p.</span> <span class='ocrx_word' id='word_1_204' title='bbox 781 2881 845 2948; x_wconf 80' lang='grc'>609</span> <span class='ocrx_word' id='word_1_205' title='bbox 859 2903 927 2967; x_wconf 89' lang='lat' dir='ltr'>sqq.</span> <span class='ocrx_word' id='word_1_206' title='bbox 960 2881 1077 2967; x_wconf 87' lang='lat' dir='ltr'>Itaque</span> <span class='ocrx_word' id='word_1_207' title='bbox 1092 2881 1130 2947; x_wconf 84' lang='lat' dir='ltr'>fr.</span> <span class='ocrx_word' id='word_1_208' title='bbox 1144 2883 1209 2947; x_wconf 81' lang='lat'>282</span> <span class='ocrx_word' id='word_1_209' title='bbox 1219 2881 1258 2950; x_wconf 90' lang='lat' dir='ltr'>K.</span> <span class='ocrx_word' id='word_1_210' title='bbox 1276 2882 1358 2948; x_wconf 81' lang='lat' dir='ltr'>OAF</span> <span class='ocrx_word' id='word_1_211' title='bbox 1370 2883 1414 2948; x_wconf 88' lang='lat' dir='ltr'>III</span> 
     </span>
     <span class='ocr_line' id='line_1_28' title="bbox 128 2982 1167 3070; baseline -0.005 -21"><span class='ocrx_word' id='word_1_212' title='bbox 128 3006 158 3070; x_wconf 91' lang='lat' dir='ltr'>p.</span> <span class='ocrx_word' id='word_1_213' title='bbox 174 2983 219 3049; x_wconf 76' lang='grc'>80</span> <span class='ocrx_word' id='word_1_214' title='bbox 345 2982 380 3045; x_wconf 88' lang='grc' dir='ltr'><em>τὸ</em></span> <span class='ocrx_word' id='word_1_215' title='bbox 396 2983 596 3064; x_wconf 82' lang='grc' dir='ltr'><em>κουφότατόν</em></span> <span class='ocrx_word' id='word_1_216' title='bbox 619 3006 654 3046; x_wconf 93' lang='grc' dir='ltr'><em>σε</em></span> <span class='ocrx_word' id='word_1_217' title='bbox 675 2988 741 3046; x_wconf 92' lang='grc' dir='ltr'>τῶν</span> <span class='ocrx_word' id='word_1_218' title='bbox 763 2988 875 3045; x_wconf 83' lang='grc' dir='ltr'><em>κακῶν</em></span> <span class='ocrx_word' id='word_1_219' title='bbox 898 2982 1027 3045; x_wconf 90' lang='grc' dir='ltr'><em>πάντων</em></span> <span class='ocrx_word' id='word_1_220' title='bbox 1052 2982 1167 3055; x_wconf 82' lang='grc' dir='ltr'><em>δάκνει,</em></span> 
     </span>
     <span class='ocr_line' id='line_1_29' title="bbox 342 3079 1136 3163; baseline -0.005 -18"><span class='ocrx_word' id='word_1_221' title='bbox 342 3083 448 3145; x_wconf 85' lang='grc' dir='ltr'><em>πενία·</em></span> <span class='ocrx_word' id='word_1_222' title='bbox 463 3083 493 3143; x_wconf 89' lang='grc' dir='ltr'><em>τί</em></span> <span class='ocrx_word' id='word_1_223' title='bbox 514 3081 575 3163; x_wconf 87' lang='grc' dir='ltr'>γάρ</span> <span class='ocrx_word' id='word_1_224' title='bbox 598 3084 685 3144; x_wconf 82' lang='grc' dir='ltr'><em>τοῦτ’</em></span> <span class='ocrx_word' id='word_1_225' title='bbox 711 3082 806 3157; x_wconf 83' lang='grc' dir='ltr'><em>ε’στίν;</em></span> <span class='ocrx_word' id='word_1_226' title='bbox 829 3079 868 3163; x_wconf 81' lang='grc' dir='ltr'><em>ἧς</em></span> <span class='ocrx_word' id='word_1_227' title='bbox 892 3082 1005 3161; x_wconf 83' lang='grc' dir='ltr'><em>γένοιτ’</em></span> <span class='ocrx_word' id='word_1_228' title='bbox 1030 3082 1069 3142; x_wconf 83' lang='grc' dir='ltr'><em>ἂν</em></span> <span class='ocrx_word' id='word_1_229' title='bbox 1093 3080 1136 3149; x_wconf 85' lang='grc' dir='ltr'>εἷς</span> 
     </span>
     <span class='ocr_line' id='line_1_30' title="bbox 342 3178 910 3262; baseline -0.004 -19"><span class='ocrx_word' id='word_1_230' title='bbox 342 3181 433 3262; x_wconf 83' lang='grc' dir='ltr'><em>φίλος</em></span> <span class='ocrx_word' id='word_1_231' title='bbox 456 3180 624 3262; x_wconf 78' lang='grc' dir='ltr'><em>βοηθήσας</em></span> <span class='ocrx_word' id='word_1_232' title='bbox 648 3180 754 3262; x_wconf 85' lang='grc' dir='ltr'><em>ἰατρὸς</em></span> <span class='ocrx_word' id='word_1_233' title='bbox 778 3178 910 3261; x_wconf 82' lang='grc' dir='ltr'><em>ῥαιδίως</em></span> 
     </span>
     <span class='ocr_line' id='line_1_31' title="bbox 129 3269 1413 3361; baseline -0.002 -18"><span class='ocrx_word' id='word_1_234' title='bbox 129 3277 311 3343; x_wconf 90' lang='lat' dir='ltr'>Menander</span> <span class='ocrx_word' id='word_1_235' title='bbox 341 3297 409 3343; x_wconf 90' lang='lat' dir='ltr'>non</span> <span class='ocrx_word' id='word_1_236' title='bbox 441 3275 525 3341; x_wconf 87' lang='lat' dir='ltr'>dixit</span> <span class='ocrx_word' id='word_1_237' title='bbox 555 3277 605 3342; x_wconf 88' lang='lat' dir='ltr'>ita</span> <span class='ocrx_word' id='word_1_238' title='bbox 634 3279 673 3341; x_wconf 89' lang='lat' dir='ltr'>ut</span> <span class='ocrx_word' id='word_1_239' title='bbox 704 3276 823 3360; x_wconf 91' lang='lat' dir='ltr'>aliquis</span> <span class='ocrx_word' id='word_1_240' title='bbox 855 3269 1093 3359; x_wconf 87' lang='lat' dir='ltr'>adpellaretur‚</span> <span class='ocrx_word' id='word_1_241' title='bbox 1130 3275 1224 3339; x_wconf 89' lang='lat' dir='ltr'>cuius</span> <span class='ocrx_word' id='word_1_242' title='bbox 1260 3274 1413 3361; x_wconf 86' lang='lat' dir='ltr'>exemplo</span> 
     </span>
     <span class='ocr_line' id='line_1_32' title="bbox 128 3371 1413 3462; baseline -0.003 -21"><span class='ocrx_word' id='word_1_243' title='bbox 128 3380 230 3462; x_wconf 86' lang='lat' dir='ltr'>poeta</span> <span class='ocrx_word' id='word_1_244' title='bbox 259 3397 360 3461; x_wconf 91' lang='lat' dir='ltr'>quam</span> <span class='ocrx_word' id='word_1_245' title='bbox 382 3379 479 3461; x_wconf 89' lang='lat' dir='ltr'>turpe</span> <span class='ocrx_word' id='word_1_246' title='bbox 512 3378 603 3439; x_wconf 88' lang='lat' dir='ltr'>esset</span> <span class='ocrx_word' id='word_1_247' title='bbox 634 3374 676 3438; x_wconf 89' lang='lat' dir='ltr'>ab</span> <span class='ocrx_word' id='word_1_248' title='bbox 709 3374 823 3438; x_wconf 91' lang='lat' dir='ltr'>amicis</span> <span class='ocrx_word' id='word_1_249' title='bbox 855 3372 983 3437; x_wconf 87' lang='lat' dir='ltr'>uictum</span> <span class='ocrx_word' id='word_1_250' title='bbox 1013 3371 1233 3437; x_wconf 88' lang='lat' dir='ltr'>cottidianum</span> <span class='ocrx_word' id='word_1_251' title='bbox 1264 3373 1413 3458; x_wconf 89' lang='lat' dir='ltr'>accipere</span> 
     </span>
     <span class='ocr_line' id='line_1_33' title="bbox 130 3471 1410 3556; baseline -0.004 -18"><span class='ocrx_word' id='word_1_252' title='bbox 130 3474 383 3555; x_wconf 85' lang='lat' dir='ltr'>demonstraret,</span> <span class='ocrx_word' id='word_1_253' title='bbox 423 3472 482 3538; x_wconf 90' lang='lat' dir='ltr'>sed</span> <span class='ocrx_word' id='word_1_254' title='bbox 520 3492 728 3537; x_wconf 83' lang='lat' dir='ltr'>communem</span> <span class='ocrx_word' id='word_1_255' title='bbox 769 3471 918 3536; x_wconf 91' lang='lat' dir='ltr'>omnium</span> <span class='ocrx_word' id='word_1_256' title='bbox 954 3471 1022 3535; x_wconf 84' lang='lat' dir='ltr'>iere</span> <span class='ocrx_word' id='word_1_257' title='bbox 1054 3471 1176 3535; x_wconf 86' lang='lat' dir='ltr'>ciuium</span> <span class='ocrx_word' id='word_1_258' title='bbox 1208 3471 1410 3556; x_wconf 85' lang='lat' dir='ltr'>expressisse</span> 
     </span>
     <span class='ocr_line' id='line_1_34' title="bbox 129 3567 1413 3656; baseline -0.005 -18"><span class='ocrx_word' id='word_1_259' title='bbox 129 3570 262 3638; x_wconf 88' lang='lat' dir='ltr'>uidetur</span> <span class='ocrx_word' id='word_1_260' title='bbox 286 3570 483 3656; x_wconf 89' lang='lat' dir='ltr'>opinionem.</span> <span class='ocrx_word' id='word_1_261' title='bbox 529 3568 616 3634; x_wconf 91' lang='lat' dir='ltr'>Nam</span> <span class='ocrx_word' id='word_1_262' title='bbox 646 3568 842 3653; x_wconf 86' lang='lat' dir='ltr'>impetrauit</span> <span class='ocrx_word' id='word_1_263' title='bbox 873 3568 944 3631; x_wconf 90' lang='lat' dir='ltr'>eius</span> <span class='ocrx_word' id='word_1_264' title='bbox 972 3568 1179 3653; x_wconf 90' lang='lat' dir='ltr'>temporibus</span> <span class='ocrx_word' id='word_1_265' title='bbox 1204 3589 1225 3632; x_wconf 92' lang='lat' dir='ltr'>a</span> <span class='ocrx_word' id='word_1_266' title='bbox 1248 3589 1284 3633; x_wconf 89' lang='lat' dir='ltr'>se</span> <span class='ocrx_word' id='word_1_267' title='bbox 1308 3567 1413 3633; x_wconf 88' lang='lat' dir='ltr'>libera</span> 
     </span>
     <span class='ocr_line' id='line_1_35' title="bbox 130 3665 1412 3756; baseline -0.005 -20"><span class='ocrx_word' id='word_1_268' title='bbox 130 3669 298 3756; x_wconf 93' lang='lat' dir='ltr'>quondam</span> <span class='ocrx_word' id='word_1_269' title='bbox 322 3671 404 3733; x_wconf 90' lang='lat' dir='ltr'>tunc</span> <span class='ocrx_word' id='word_1_270' title='bbox 427 3688 526 3732; x_wconf 90' lang='lat' dir='ltr'>serua</span> <span class='ocrx_word' id='word_1_271' title='bbox 541 3665 800 3732; x_wconf 88' lang='lat' dir='ltr'>Atheniensium</span> <span class='ocrx_word' id='word_1_272' title='bbox 825 3666 954 3748; x_wconf 86' lang='lat' dir='ltr'>ciuitas,</span> <span class='ocrx_word' id='word_1_273' title='bbox 978 3670 1018 3730; x_wconf 91' lang='lat' dir='ltr'>ut</span> <span class='ocrx_word' id='word_1_274' title='bbox 1034 3667 1132 3751; x_wconf 89' lang='lat' dir='ltr'>quasi</span> <span class='ocrx_word' id='word_1_275' title='bbox 1147 3667 1267 3752; x_wconf 89' lang='lat' dir='ltr'>stipem</span> <span class='ocrx_word' id='word_1_276' title='bbox 1281 3668 1412 3751; x_wconf 87' lang='lat' dir='ltr'>peteret</span> 
     </span>
     <span class='ocr_line' id='line_1_36' title="bbox 130 3763 1413 3849; baseline -0.005 -15"><span class='ocrx_word' id='word_1_277' title='bbox 130 3769 172 3833; x_wconf 82' lang='lat' dir='ltr'>ab</span> <span class='ocrx_word' id='word_1_278' title='bbox 195 3767 365 3849; x_wconf 82' lang='lat' dir='ltr'>Antigono</span> <span class='ocrx_word' id='word_1_279' title='bbox 390 3764 429 3830; x_wconf 85' lang='lat' dir='ltr'>cf.</span> <span class='ocrx_word' id='word_1_280' title='bbox 453 3764 546 3830; x_wconf 90' lang='lat' dir='ltr'>Diod.</span> <span class='ocrx_word' id='word_1_281' title='bbox 567 3763 630 3828; x_wconf 89' lang='lat' dir='ltr'>XX</span> <span class='ocrx_word' id='word_1_282' title='bbox 645 3765 729 3848; x_wconf 81' lang='lat'>46,4</span> <span class='ocrx_word' id='word_1_283' title='bbox 756 3766 930 3848; x_wconf 82' lang='grc' dir='ltr'><em>Ἀντίγονος</em></span> <span class='ocrx_word' id='word_1_284' title='bbox 962 3766 996 3829; x_wconf 88' lang='grc' dir='ltr'>δὲ</span> <span class='ocrx_word' id='word_1_285' title='bbox 1026 3768 1298 3848; x_wconf 88' lang='grc' dir='ltr'><em>παραγενομένων</em></span> <span class='ocrx_word' id='word_1_286' title='bbox 1331 3764 1413 3846; x_wconf 86' lang='grc' dir='ltr'><em>πρὸς</em></span> 
     </span>
     <span class='ocr_line' id='line_1_37' title="bbox 129 3863 1412 3948; baseline -0.005 -18"><span class='ocrx_word' id='word_1_287' title='bbox 129 3867 226 3931; x_wconf 82' lang='grc' dir='ltr'><em>αὐτὸν</em></span> <span class='ocrx_word' id='word_1_288' title='bbox 257 3866 437 3948; x_wconf 75' lang='grc' dir='ltr'><em>Ἀθήνηθεν</em></span> <span class='ocrx_word' id='word_1_289' title='bbox 467 3865 670 3946; x_wconf 78' lang='grc' dir='ltr'><em>πρεσβευτῶν</em></span> <span class='ocrx_word' id='word_1_290' title='bbox 701 3865 754 3927; x_wconf 82' lang='grc' dir='ltr'>καί</span> <span class='ocrx_word' id='word_1_291' title='bbox 784 3865 819 3927; x_wconf 89' lang='grc' dir='ltr'><em>τό</em></span> <span class='ocrx_word' id='word_1_292' title='bbox 850 3888 881 3926; x_wconf 88' lang='grc' dir='ltr'>τε</span> <span class='ocrx_word' id='word_1_293' title='bbox 912 3865 1069 3945; x_wconf 81' lang='grc' dir='ltr'><em>περὶτῶν</em></span> <span class='ocrx_word' id='word_1_294' title='bbox 1098 3869 1198 3946; x_wconf 83' lang='grc' dir='ltr'><em>τιμῶν</em></span> <span class='ocrx_word' id='word_1_295' title='bbox 1226 3863 1412 3927; x_wconf 83' lang='grc' dir='ltr'><em>ἀναδόντων</em></span> 
     </span>
     <span class='ocr_line' id='line_1_38' title="bbox 127 3962 1411 4048; baseline -0.004 -20"><span class='ocrx_word' id='word_1_296' title='bbox 127 3968 281 4048; x_wconf 80' lang='grc' dir='ltr'><em>ψήφισμα</em></span> <span class='ocrx_word' id='word_1_297' title='bbox 305 3965 359 4027; x_wconf 83' lang='grc' dir='ltr'>καί</span> <span class='ocrx_word' id='word_1_298' title='bbox 382 3963 453 4044; x_wconf 86' lang='grc' dir='ltr'><em>περὶ</em></span> <span class='ocrx_word' id='word_1_299' title='bbox 476 3965 561 4026; x_wconf 87' lang='grc' dir='ltr'><em>σίτου</em></span> <span class='ocrx_word' id='word_1_300' title='bbox 585 3963 639 4025; x_wconf 87' lang='grc' dir='ltr'>καί</span> <span class='ocrx_word' id='word_1_301' title='bbox 662 3963 768 4036; x_wconf 80' lang='grc' dir='ltr'><em>ξύλων</em></span> <span class='ocrx_word' id='word_1_302' title='bbox 788 3965 831 4032; x_wconf 85' lang='grc' dir='ltr'>εἰς</span> <span class='ocrx_word' id='word_1_303' title='bbox 847 3964 1024 4045; x_wconf 89' lang='grc' dir='ltr'><em>ναυπηγίαν</em></span> <span class='ocrx_word' id='word_1_304' title='bbox 1041 3963 1272 4044; x_wconf 87' lang='grc' dir='ltr'><em>διαλεχθέντων</em></span> <span class='ocrx_word' id='word_1_305' title='bbox 1289 3962 1411 4024; x_wconf 84' lang='grc' dir='ltr'><em>ἔδωκεν</em></span> 
     </span>
     <span class='ocr_line' id='line_1_39' title="bbox 129 4059 1411 4145; baseline -0.004 -19"><span class='ocrx_word' id='word_1_306' title='bbox 129 4065 235 4134; x_wconf 78' lang='grc' dir='ltr'><em>αὐτοῖς</em></span> <span class='ocrx_word' id='word_1_307' title='bbox 257 4069 363 4145; x_wconf 85' lang='grc' dir='ltr'><em>πυροῦ</em></span> <span class='ocrx_word' id='word_1_308' title='bbox 386 4062 445 4144; x_wconf 80' lang='grc' dir='ltr'><em>μὲν</em></span> <span class='ocrx_word' id='word_1_309' title='bbox 460 4061 626 4143; x_wconf 88' lang='grc' dir='ltr'><em>μεδίμνων</em></span> <span class='ocrx_word' id='word_1_310' title='bbox 642 4062 864 4125; x_wconf 88' lang='grc' dir='ltr'><em>πεντεκαίδεκα</em></span> <span class='ocrx_word' id='word_1_311' title='bbox 881 4061 1048 4143; x_wconf 76' lang='grc' dir='ltr'><em>μυριάδας,</em></span> <span class='ocrx_word' id='word_1_312' title='bbox 1072 4061 1150 4142; x_wconf 81' lang='grc' dir='ltr'><em>ὕλην</em></span> <span class='ocrx_word' id='word_1_313' title='bbox 1166 4060 1201 4122; x_wconf 84' lang='grc' dir='ltr'>δὲ</span> <span class='ocrx_word' id='word_1_314' title='bbox 1221 4059 1278 4141; x_wconf 83' lang='grc' dir='ltr'>τὴν</span> <span class='ocrx_word' id='word_1_315' title='bbox 1300 4059 1411 4141; x_wconf 77' lang='grc' dir='ltr'><em>ἱκανὴν</em></span> 
     </span>
     <span class='ocr_line' id='line_1_40' title="bbox 130 4161 386 4224; baseline -0.008 0"><span class='ocrx_word' id='word_1_316' title='bbox 130 4161 240 4224; x_wconf 87' lang='grc' dir='ltr'><em>ναυσὶν</em></span> <span class='ocrx_word' id='word_1_317' title='bbox 265 4161 386 4223; x_wconf 83' lang='grc' dir='ltr'><em>ἑκατόν.</em></span> 
     </span>
    </p>
   </div>
   <div class='ocr_carea' id='block_1_4' title="bbox 128 4285 343 4296">
    <p class='ocr_par' dir='ltr' id='par_1_4' title="bbox 128 4285 343 4296">
     <span class='ocr_line' id='line_1_41' title="bbox 128 4285 343 4296; baseline -0.014 -1"><span class='ocrx_word' id='word_1_318' title='bbox 128 4285 343 4296; x_wconf 69' lang='lat' dir='ltr'>——n————</span> 
     </span>
    </p>
   </div>
   <div class='ocr_carea' id='block_1_5' title="bbox 129 4341 1412 4655">
    <p class='ocr_par' dir='ltr' id='par_1_5' title="bbox 129 4341 1412 4655">
     <span class='ocr_line' id='line_1_42' title="bbox 237 4341 1412 4416; baseline -0.004 -17"><span class='ocrx_word' id='word_1_319' title='bbox 237 4345 256 4415; x_wconf 74' lang='lat'>1)</span> <span class='ocrx_word' id='word_1_320' title='bbox 276 4345 317 4399; x_wconf 88' lang='lat' dir='ltr'>De</span> <span class='ocrx_word' id='word_1_321' title='bbox 336 4361 392 4416; x_wconf 91' lang='lat' dir='ltr'>qua</span> <span class='ocrx_word' id='word_1_322' title='bbox 420 4361 484 4399; x_wconf 92' lang='lat' dir='ltr'>eum</span> <span class='ocrx_word' id='word_1_323' title='bbox 512 4344 598 4399; x_wconf 90' lang='lat' dir='ltr'>etiam</span> <span class='ocrx_word' id='word_1_324' title='bbox 616 4343 765 4414; x_wconf 74' lang='grc' dir='ltr'><em>βαρύτατον</em></span> <span class='ocrx_word' id='word_1_325' title='bbox 782 4344 881 4415; x_wconf 78' lang='grc' dir='ltr'><em>θηρίον</em></span> <span class='ocrx_word' id='word_1_326' title='bbox 900 4342 1004 4398; x_wconf 83' lang='lat' dir='ltr'>dixisse</span> <span class='ocrx_word' id='word_1_327' title='bbox 1016 4343 1096 4397; x_wconf 90' lang='lat' dir='ltr'>testis</span> <span class='ocrx_word' id='word_1_328' title='bbox 1110 4346 1154 4396; x_wconf 90' lang='lat' dir='ltr'>est</span> <span class='ocrx_word' id='word_1_329' title='bbox 1166 4342 1312 4412; x_wconf 82' lang='lat' dir='ltr'>Eunapius</span> <span class='ocrx_word' id='word_1_330' title='bbox 1330 4342 1364 4396; x_wconf 81' lang='lat' dir='ltr'>fr.</span> <span class='ocrx_word' id='word_1_331' title='bbox 1377 4341 1412 4396; x_wconf 82' lang='lat'>88</span> 
     </span>
     <span class='ocr_line' id='line_1_43' title="bbox 129 4420 1412 4495; baseline -0.005 -13"><span class='ocrx_word' id='word_1_332' title='bbox 129 4427 228 4482; x_wconf 85' lang='lat' dir='ltr'>Mr&#39;rller</span> <span class='ocrx_word' id='word_1_333' title='bbox 246 4425 319 4480; x_wconf 80' lang='lat' dir='ltr'>FHG</span> <span class='ocrx_word' id='word_1_334' title='bbox 332 4425 370 4480; x_wconf 94' lang='lat' dir='ltr'>IV</span> <span class='ocrx_word' id='word_1_335' title='bbox 382 4442 407 4495; x_wconf 91' lang='lat' dir='ltr'>p.</span> <span class='ocrx_word' id='word_1_336' title='bbox 422 4426 464 4479; x_wconf 84' lang='lat'>53.</span> <span class='ocrx_word' id='word_1_337' title='bbox 497 4425 574 4491; x_wconf 85' lang='lat' dir='ltr'>Quae</span> <span class='ocrx_word' id='word_1_338' title='bbox 593 4426 679 4479; x_wconf 88' lang='lat' dir='ltr'>uerba</span> <span class='ocrx_word' id='word_1_339' title='bbox 699 4427 831 4494; x_wconf 86' lang='lat' dir='ltr'>corrupta</span> <span class='ocrx_word' id='word_1_340' title='bbox 854 4440 915 4478; x_wconf 87' lang='lat' dir='ltr'>esse</span> <span class='ocrx_word' id='word_1_341' title='bbox 934 4440 1025 4495; x_wconf 91' lang='lat' dir='ltr'>neque</span> <span class='ocrx_word' id='word_1_342' title='bbox 1038 4424 1134 4488; x_wconf 81' lang='lat' dir='ltr'>Cobet,</span> <span class='ocrx_word' id='word_1_343' title='bbox 1153 4424 1291 4477; x_wconf 89' lang='lat' dir='ltr'>Mnemos.</span> <span class='ocrx_word' id='word_1_344' title='bbox 1303 4422 1330 4476; x_wconf 94' lang='lat' dir='ltr'>X</span> <span class='ocrx_word' id='word_1_345' title='bbox 1344 4420 1412 4476; x_wconf 82' lang='lat'>1882</span> 
     </span>
     <span class='ocr_line' id='line_1_44' title="bbox 129 4503 1412 4580; baseline -0.006 -18"><span class='ocrx_word' id='word_1_346' title='bbox 129 4525 155 4580; x_wconf 91' lang='lat' dir='ltr'>p.</span> <span class='ocrx_word' id='word_1_347' title='bbox 168 4508 203 4562; x_wconf 79' lang='lat'>37</span> <span class='ocrx_word' id='word_1_348' title='bbox 221 4522 314 4577; x_wconf 89' lang='lat' dir='ltr'>nequo</span> <span class='ocrx_word' id='word_1_349' title='bbox 331 4504 438 4571; x_wconf 82' lang='lat' dir='ltr'>Nauck,</span> <span class='ocrx_word' id='word_1_350' title='bbox 458 4506 601 4574; x_wconf 81' lang='lat' dir='ltr'>Melanges</span> <span class='ocrx_word' id='word_1_351' title='bbox 615 4504 854 4559; x_wconf 79' lang='lat' dir='ltr'>Greco-Romains</span> <span class='ocrx_word' id='word_1_352' title='bbox 867 4503 904 4558; x_wconf 90' lang='lat' dir='ltr'>VI</span> <span class='ocrx_word' id='word_1_353' title='bbox 919 4504 987 4558; x_wconf 81' lang='lat'>1894</span> <span class='ocrx_word' id='word_1_354' title='bbox 1006 4521 1031 4574; x_wconf 94' lang='lat' dir='ltr'>p.</span> <span class='ocrx_word' id='word_1_355' title='bbox 1047 4504 1098 4558; x_wconf 80' lang='lat'>127</span> <span class='ocrx_word' id='word_1_356' title='bbox 1117 4503 1198 4558; x_wconf 91' lang='lat' dir='ltr'>nobis</span> <span class='ocrx_word' id='word_1_357' title='bbox 1210 4504 1412 4573; x_wconf 86' lang='lat' dir='ltr'>persuaserunt</span> 
     </span>
     <span class='ocr_line' id='line_1_45' title="bbox 130 4583 754 4655; baseline -0.006 -12"><span class='ocrx_word' id='word_1_358' title='bbox 130 4588 167 4644; x_wconf 83' lang='lat' dir='ltr'>cf.</span> <span class='ocrx_word' id='word_1_359' title='bbox 179 4587 260 4643; x_wconf 90' lang='lat' dir='ltr'>Kook</span> <span class='ocrx_word' id='word_1_360' title='bbox 278 4604 304 4642; x_wconf 90' lang='lat' dir='ltr'>a.</span> <span class='ocrx_word' id='word_1_361' title='bbox 317 4586 345 4642; x_wconf 95' lang='lat' dir='ltr'>h.</span> <span class='ocrx_word' id='word_1_362' title='bbox 358 4586 376 4640; x_wconf 93' lang='lat' dir='ltr'>l.</span> <span class='ocrx_word' id='word_1_363' title='bbox 394 4585 429 4640; x_wconf 81' lang='lat' dir='ltr'>fr.</span> <span class='ocrx_word' id='word_1_364' title='bbox 442 4585 495 4641; x_wconf 81' lang='lat'>932</span> <span class='ocrx_word' id='word_1_365' title='bbox 514 4586 583 4640; x_wconf 81' lang='lat' dir='ltr'>CAF</span> <span class='ocrx_word' id='word_1_366' title='bbox 595 4585 634 4639; x_wconf 89' lang='lat'>111</span> <span class='ocrx_word' id='word_1_367' title='bbox 653 4602 679 4655; x_wconf 94' lang='lat' dir='ltr'>p.</span> <span class='ocrx_word' id='word_1_368' title='bbox 692 4583 754 4639; x_wconf 86' lang='lat'>242.</span> 
     </span>
    </p>
   </div>
   <div class='ocr_carea' id='block_1_6' title="bbox 0 0 1554 4956">
    <p class='ocr_par' dir='ltr' id='par_1_6' title="bbox 0 0 1554 4956">
     <span class='ocr_line' id='line_1_46' title="bbox 0 0 1554 4956; baseline 0 0"><span class='ocrx_word' id='word_1_369' title='bbox 0 0 1554 4956; x_wconf 95' lang='lat' dir='ltr'> </span> 
     </span>
    </p>
   </div>
  </div>
 </body>
</html>
