3096 4950
599 285 821 351 „57-

65 461 158 547 quod
188 463 314 527 uocant
343 482 412 527 non
440 462 640 529 crediderim.
685 461 837 547 Denique
862 461 950 546 quod
971 457 1140 526 lernstedt
1164 481 1181 525 e
1204 458 1348 525 Pollucis

65 559 180 625 uerbis
196 559 257 625 Ilo
274 581 304 644 p.
320 560 373 642 81,
390 559 430 625 15
454 560 560 626 Bothe
584 563 735 644 ἔμβρυον,
758 562 879 644 κύημα,
903 561 1066 642 ἀνεμιαῖον
1086 555 1216 646 [κύημα]
1237 560 1347 642 τρόφι-

63 683 131 741 μον
154 661 311 742 βιώσιμον
333 657 397 723 hoc
420 657 460 722 de
479 679 544 744 quo
561 657 670 741 agitur
686 656 911 739 fragmentum
929 677 1004 721 cum
1019 654 1057 720 ir.
1077 654 1140 721 104
1151 654 1190 722 K.
1207 654 1288 720 GAF
1304 655 1348 720 III

63 775 95 840 p.
112 755 155 820 31
182 758 344 839 ἀνεμιαῖον
368 758 488 838 ἐγένετο
509 776 581 820 esse
606 754 865 821 consociandum
881 753 1046 819 concludit
1062 752 1346 837 Menandrumque

528 856 691 938 ἀνεμιαῖον
715 856 836 936 ἐγένετο

280 954 341 1016 κού
364 953 522 1035 τρόφιμον
705 951 875 1036 scripsisse
900 949 1089 1029 arbitratur,
1113 948 1229 1014 dubito
1253 949 1348 1034 sequi

60 1047 154 1113 hanc
189 1049 394 1114 sententiam
427 1069 562 1134 prorsus
591 1050 754 1114 incertam
784 1069 989 1135 quamquam
1020 1067 1094 1112 eam
1125 1066 1240 1111 ueram
1272 1067 1346 1111 esse

61 1165 164 1232 posse
188 1166 257 1211 non
277 1146 480 1229 negauerim.

680 1359 732 1424 ΠΙ.

337 1493 411 1557 ἙΑ
426 1493 574 1558 YTON
602 1491 1068 1558 ΤΙΜΩΡΟΥΜΕΝΟΣ.

964 1632 1005 1721 [τί
1026 1631 1109 1720 νάει]

278 1733 361 1816 πρδς
382 1741 438 1818 τη”ς
456 1734 605 1817 Ἀθηνᾶς,
630 1729 866 1822 δαιμ<ο>ν<ᾶις>
890 1734 1030 1816 γεγονὼς
1053 1735 1104 1816 ἔτη

277 1833 427 1909 τοσαῦδ’;
450 1833 535 1915 ὁμοῦ
558 1833 618 1915 γάρ
642 1833 721 1896 ἔστιν
745 1832 899 1915 ἑξήκοντά
922 1855 972 1895 σοι

279 1925 308 2017 [ἢ
332 1930 386 1994 καλ
407 1926 514 2017 πλέον]
538 1930 592 1994 καὶ
613 1935 678 1993 τῶν
696 1930 802 2013 Ἁλῆσι
823 1931 955 2013 χωρίων

226 2026 255 2091 5.
278 2030 472 2111 κεκτημένος
494 2028 658 2092 κάλλιπον
682 2027 717 2101 ελ,
740 2028 780 2111 νὴ
803 2028 858 2091 τὸν
881 2027 950 2101 Δία,

278 2127 312 2189 ἐν
334 2131 399 2196 τοῖς
420 2121 554 2213 τρισί<ν>
576 2150 611 2208 γε
633 2126 688 2189 καλ
709 2125 745 2189 τὸ
767 2127 1012 2209 μακαριώτατον

279 2224 430 2287 ἄστικτον.

170 2319 279 2386 Huius
301 2318 481 2402 fragmenti
503 2322 633 2405 partem
652 2319 877 2405 posteriorem,
903 2341 989 2406 quae
1004 2319 1082 2385 inde
1098 2341 1120 2385 a
1134 2341 1166 2384 u.
1182 2318 1204 2383 4
1219 2319 1343 2404 incipit,

61 2438 107 2484 ex
129 2416 346 2504 Epaphroditi
375 2417 457 2482 libro
481 2418 539 2504 qui
561 2417 752 2483 inscribitur
774 2420 845 2501 περὶ
867 2425 932 2483 τῶν
954 2419 1034 2482 κατὰ
1058 2424 1211 2500 στοιχεῖον
1233 2442 1343 2500 συγγε-

61 2519 297 2600 γυμνασμένων
320 2515 375 2580 ‘ab
392 2516 528 2581 auctore
544 2515 755 2601 etymologici
770 2515 906 2596 genuini
921 2515 1167 2600 transcriptam’
1193 2514 1345 2579 enotauit

61 2613 303 2695 Reitzenstein,
327 2611 395 2678 ind.
417 2613 518 2679 schol.
542 2614 635 2679 Rost.
652 2612 774 2699 isoosr
798 2633 828 2697 p.
845 2612 936 2697 8sq.,
960 2612 1049 2697 prior
1070 2633 1147 2698 pars
1172 2616 1236 2693 (uu.
1253 2612 1342 2695 2sq.)

61 2712 97 2776 in
114 2709 289 2777 Menandri
303 2709 500 2793 fragmentis
516 2710 636 2794 legitur
657 2711 694 2776 ir.
714 2711 777 2776 140
789 2709 827 2776 Κ.
853 2709 934 2775 OAF
950 2710 995 2775 IH
1016 2731 1047 2796 p.
1062 2710 1104 2775 41
1131 2731 1173 2774 ex
1188 2710 1343 2775 Hauton-

61 2811 283 2874 timorumeno
309 2812 473 2894 excerpta.
507 2806 576 2875 Neo
599 2829 667 2873 non
683 2811 860 2894 utramque
875 2810 1006 2893 partem
1023 2808 1188 2874 artissime
1204 2808 1291 2872 inter
1307 2827 1343 2872 se

61 2905 240 2972 cohaerere
271 2905 359 2971 idem
392 2906 533 2990 agnouit
563 2906 754 2991 comparitis
784 2906 876 2972 hisce
899 2906 1034 2972 Terenti
1065 2905 1218 2971 uersibus
1241 2905 1343 2971 Haut.

60 3004 103 3070 61
120 3025 198 3090 sqq.:

181 3101 279 3168 ‘Nam
301 3123 359 3188 pro
384 3099 483 3167 deum
507 3104 609 3188 atque
633 3103 806 3167 hominum
828 3102 928 3167 fidem
952 3101 1030 3187 quid
1053 3101 1106 3166 uis
1129 3101 1213 3166 tibi?

193 3198 278 3280 Quid
301 3200 456 3284 quaeris?
481 3219 588 3264 annos
612 3200 790 3282 sexaginta
813 3202 917 3265 natus
941 3221 987 3280 ea,

193 3298 262 3362 Aut
284 3297 359 3382 plus
384 3317 433 3380 eo,
458 3299 497 3362 ut
520 3296 658 3381 conicio,
682 3297 717 3361 in
741 3298 793 3362 his
817 3297 1008 3389 regionibus

192 3393 363 3460 Meliorem
387 3415 503 3477 agrum
526 3415 635 3479 neque
657 3395 743 3480 preti
766 3395 900 3461 maioris
924 3416 1023 3460 nemo
1046 3394 1169 3459 habet?

61 3491 192 3572 Quibus
216 3514 234 3557 e
257 3492 411 3558 uersibus
434 3493 500 3558 u.1
525 3494 556 3557 τί
576 3496 636 3576 γάρ
661 3497 695 3558 et
718 3492 787 3559 u.4
810 3498 830 3577 ἢ
854 3495 908 3559 καὶ
932 3495 1028 3558 πλέον
1052 3494 1140 3558 recte
1162 3490 1343 3559 Ricardum

60 3588 291 3667 Reitzenstein
322 3590 530 3675 suppleuisse
562 3611 749 3673 cognosces.
795 3592 864 3657 Nec
892 3591 932 3657 de
955 3611 1038 3656 uoce
1062 3587 1298 3680 δαιμ<ο>ν<ᾶις>
1321 3613 1343 3657 a

61 3685 203 3753 Ricardo
220 3687 348 3753 Porson
372 3709 414 3753 ex
437 3690 563 3771 δαιμων
587 3691 646 3753 δυο
669 3689 828 3755 restituta
852 3689 1015 3775 copiosius
1036 3687 1194 3754 disserere
1211 3691 1342 3774 oportet

61 3782 103 3849 oi.
128 3784 222 3850 Kook
253 3807 282 3850 a.
306 3784 380 3851 h.1.
412 3786 486 3852 Eur.
510 3785 634 3851 Phoon.
658 3789 725 3852 888
755 3790 802 3859 ῶς
833 3791 1054 3871 δαιμονῶντας
1084 3790 1342 3870 κάνατρέψοντας

58 3884 154 3947 πόλιν
176 3881 253 3947 Luo.
270 3883 413 3968 Philops.
431 3883 472 3948 16
496 3885 561 3965 ἐγὼ
586 3892 663 3966 γοῦν
687 3887 793 3967 ἡδέως
815 3889 855 3950 δν
878 3888 1009 3970 ἐροίμην
1025 3910 1068 3960 σε,
1091 3887 1204 3967 sinapi
1218 3887 1341 3950 τούτων

59 3981 136 4063 φής,
168 3983 237 4045 ὅσοι
264 3982 338 4052 τοὺς
367 3984 586 4065 δαιμονῶντας
610 3984 838 4058 ἀπαλλάττουσι
859 3990 924 4047 τῶν
953 3984 1123 4066 δειμάτων;
1155 3981 1213 4047 sod
1237 4003 1340 4068 quas-

60 4095 142 4141 nam
165 4077 270 4144 Halas
294 4081 373 4144 ante
339 4078 511 4144 toculos
534 4081 636 4164 poeta
658 4082 763 4163 ponat
786 4082 964 4165 quaeritur.
1003 4079 1090 4145 Nam
1113 4079 1229 4144 uideas
1254 4101 1341 4166 quae

61 4173 254 4260 Stephanus
278 4177 417 4263 Byzant
409 4180 500 4242 rust
485 4175 588 4242 tradit
574 4180 640 4262 tp
657 4177 932 4263 67,1οΜε1οοκο
953 4180 1038 4243 ‘Aioi
1056 4178 1200 4262 Ἄροφην
1202 4180 1265 4250 ίδες
1287 4180 1342 4243 καὶ

53 4273 146 4337 Αλαί
158 4275 202 4338 Αἰ
190 4276 332 4348 λξωνίδες
348 4277 489 4359 δῆμοι(
471 4301 488 4339 ο
503 4278 564 4359 μὲν
579 4302 634 4360 της
649 4278 846 4398 δίγηίδοςβ
828 4303 845 4341 ο
863 4279 895 4342 δ
910 4277 1125 4351 Αἰξωνεὺς
1088 4302 1143 4361 της
1157 4277 1341 4360 Κεκροπίας

60 4371 166 4454 φολης
188 4370 308 4436 deindo
328 4372 369 4437 ib
386 4394 416 4458 p
433 4372 517 4453 67,1
503 4374 662 4459 lii.sqq
650 4377 711 4438 ε’στι
728 4375 796 4439 δὲ
778 4400 796 4438 ο
813 4376 916 4458 δῆμος
930 4382 985 4458 τῆς
996 4375 1209 4457 Ἀραφηνίδος
1223 4376 1341 4459 μεταξὺ

64 4468 202 4551 Φηγέως
232 4476 288 4532 τοῦ
311 4470 392 4552 πρὸς
416 4471 603 4554 Μαραθῶνι
626 4473 680 4535 καλ
703 4473 912 4556 Βραυρῶνος,
944 4475 977 4537 αῖ
1000 4474 1032 4535 δ
1050 4473 1096 4536 Αἰ
1083 4474 1265 4547 ῑξωνίδες
1250 4474 1341 4555 εγγὺς

60 4572 117 4630 τοῦ
148 4568 272 4637 ἄστεος.
297 4570 358 4632 ἔστι
387 4570 441 4632 καὶ
471 4570 563 4653 λίμνη
597 4571 632 4635 ἐκ
656 4570 833 4656 θαλάσσης.
877 4569 961 4637 'ires
987 4569 1095 4655 igitur
1122 4573 1211 4634 sum
1222 4570 1357 4644 ‘datam
