3098 4956
724 262 944 328 ,92-

410 448 469 505 νῦν
491 442 551 524 μὲν
576 442 636 524 γὰρ
660 444 736 525 ἡμῖν
760 444 886 524 νένονεν
909 442 992 526 rozo
1018 442 1235 525 [πραγμάτων]

408 540 543 621 ἀγαθῶν
565 540 601 603 τὸ
625 540 682 605 σὸν
704 541 858 622 πάροινον

195 637 293 702 aliter
315 636 525 721 interpretari
549 636 683 702 omnino
707 657 775 702 non
799 657 986 723 possumus.
1033 635 1116 701 (lum
1138 636 1241 719 igitur
1265 635 1304 702 de
1328 634 1482 702 fraterno

196 755 308 801 amore
332 733 470 817 cogitari
501 737 648 819 nequeat
678 755 787 820 neque
818 733 967 800 adfuisse
990 735 1088 800 modo
1120 733 1370 799 adulescentem
1395 733 1483 799 satis

194 852 268 897 esse
285 830 440 897 uideatur
460 832 498 896 cl.
521 854 551 919 p.
569 832 608 897 91
628 830 723 917 med,
747 835 844 918 patet
867 830 934 898 alia
956 833 1052 915 ratio,
1077 835 1116 898 ut
1137 852 1173 899 re
1197 852 1278 899 uera
1300 832 1401 897 fuerit
1424 831 1481 897 ille

195 932 327 995 amator
350 932 385 995 et
408 928 512 1013 mileS,
549 930 670 1016 quippe
702 930 759 1016 qui
789 929 914 995 stultus
946 929 990 994 sit
1014 950 1054 994 ac
1077 930 1284 1012 temerarius,
1319 929 1482 1015 deceptus

198 1027 243 1092 sit
260 1026 310 1108 (cf.
327 1027 398 1092 Ter.
415 1027 498 1092 Eun.
515 1028 581 1093 370
594 1049 662 1114 sqq.
687 1026 795 1093 Plant.
811 1027 877 1092 Mil.
893 1027 959 1094 767
972 1049 1042 1114 sqq.
1059 1027 1157 1109 alibi).
1196 1026 1311 1113 Neque
1327 1028 1483 1113 ineptum

196 1128 249 1190 est
283 1128 433 1191 statuere
469 1124 718 1192 adulescentem
755 1147 776 1192 a
806 1129 916 1211 patre,
953 1128 991 1191 ut
1026 1124 1067 1192 de
1098 1146 1209 1192 sorore
1244 1126 1480 1210 sciscitaretur,

194 1224 335 1289 missum
361 1222 536 1310 Glyceram
560 1222 738 1289 adamasse
762 1227 864 1310 atque
895 1244 971 1288 cum
994 1224 1102 1310 prima
1125 1226 1247 1290 amoris
1272 1224 1369 1306 signa
1391 1224 1481 1290 inter

195 1343 231 1386 se
255 1323 548 1406 communicarent,
573 1321 685 1387 uisum
709 1343 784 1387 esse
811 1343 833 1387 a
855 1321 972 1405 milite;
1002 1323 1123 1407 postea
1146 1327 1261 1387 antem
1284 1341 1319 1387 re
1344 1321 1482 1404 cognita

196 1439 271 1485 cum
296 1439 440 1485 sororem
464 1440 532 1485 non
556 1421 663 1506 possit
684 1418 812 1502 ducere,
836 1418 979 1485 libenter
1002 1417 1094 1484 aliud
1109 1419 1191 1484 inire
1215 1419 1482 1486 matrimonium:

195 1517 234 1583 cf.
258 1538 290 1582 u.
307 1517 350 1582 50
383 1519 417 1582 et
441 1517 549 1584 Plaut.
566 1516 657 1604 Epid.
675 1517 741 1584 647
755 1538 825 1603 sqq.
872 1516 945 1597 Qua
981 1517 1172 1583 coniectura
1206 1517 1350 1602 probata
1380 1516 1483 1582 facile

195 1614 408 1698 intellegitur,
445 1636 502 1681 cur
525 1638 556 1681 u.
573 1618 616 1682 50
647 1616 814 1681 Pataecus
849 1615 961 1681 subito
994 1613 1035 1681 de
1066 1614 1125 1680 filii
1155 1615 1314 1702 loquatur
1335 1615 1483 1702 nuptiis:

194 1713 443 1779 matrimonium
466 1711 576 1779 facere
601 1713 727 1796 cogitur
749 1713 815 1797 ille,
848 1715 888 1778 ut
910 1712 1060 1796 legitima
1084 1712 1260 1799 uoluptate
1284 1734 1367 1779 usus
1391 1712 1483 1779 desi-

195 1816 257 1876 nat
279 1812 314 1877 in
338 1809 456 1877 alienis
480 1812 639 1877 uxoribus
663 1831 809 1897 peccare.

301 1909 351 1974 De
375 1930 477 1974 uersu
500 1909 557 1995 qui
580 1909 731 1996 seqnitur
755 1907 900 1974 dubitari
923 1909 1053 1994 nequit;
1086 1929 1211 1992 magna
1239 1911 1292 1975 est
1316 1907 1483 1975 dissensio

195 2006 236 2072 de
278 2007 327 2073 12.
375 2006 591 2074 restituendo.
651 2007 764 2093 Atque
816 2006 964 2072 omnium
1002 2006 1269 2073 coniecturarum
1315 2010 1485 2092 quotquot

195 2107 440 2192 proposuerunt
462 2105 522 2170 uiri
548 2105 637 2171 docti
661 2106 869 2172 coniecturas
893 2105 1039 2170 maxime
1064 2104 1353 2190 comprobaremus
1377 2107 1483 2189 ἅ[ν6ρ’

195 2214 274 2277 ἰδὼν
297 2213 391 2295 νέον],
428 2213 457 2276 si
492 2212 646 2298 exempla
682 2213 766 2278 satis
796 2210 917 2278 idonea
948 2232 1123 2298 possemus
1159 2209 1296 2296 adferre,
1331 2210 1412 2297 quia
1448 2214 1485 2278 et

196 2310 385 2375 sententiae
419 2311 504 2376 bene
536 2313 756 2376 conectuntur
788 2313 822 2377 et
844 2313 944 2383 εὐθύς
967 2310 1071 2377 habet
1095 2331 1161 2395 quo
1184 2310 1352 2396 pertineat
1375 2311 1480 2395 parti·

195 2409 325 2493 cipium.
378 2407 505 2473 Deinde
541 2408 629 2494 quod
664 2408 868 2474 Herwerden
904 2408 1035 2494 scripsit
1069 2409 1179 2509 clerte
1216 2409 1377 2492 ὑπονοῶν]
1418 2409 1485 2475 hoc

196 2536 302 2581 unum
326 2514 487 2601 displicet,
512 2516 600 2601 quod
624 2518 772 2581 ὑπονοεῖν
796 2518 961 2602 quantum
977 2515 1131 2581 uidemus
1156 2515 1388 2580 accusatiuum
1413 2536 1486 2581 non

196 2612 300 2678 habet
335 2613 399 2677 nisi
434 2633 510 2678 oum
543 2612 713 2679 infinitiuo
749 2615 972 2679 coniunctum.
1026 2612 1164 2678 Rectius
1201 2611 1302 2696 igitur
1338 2612 1485 2679 forsitan

196 2711 339 2777 conicias
356 2712 464 2795 αὐτὴν
479 2713 679 2796 καταλαβών]
697 2711 910 2798 ‘simulatque
927 2732 1001 2776 eam
1022 2709 1243 2796 deprehendi,
1261 2710 1299 2776 cf.
1312 2710 1484 2798 Aristoph.

196 2818 327 2884 Thesm.
346 2818 431 2884 1208
443 2839 489 2903 sq.

411 2917 468 2981 σὸν
491 2919 594 3000 ἔργον,
619 2924 717 2999 φεῦγε
738 2918 813 2999 πρὶν
835 2917 890 2981 τὸν
912 2917 1045 2999 τοξότην

408 3017 528 3098 ἥκοντα
551 3016 739 3098 καταλαβεῖν
895 3013 1018 3079 Nicost.
1035 3014 1070 3078 lr.
1087 3014 1130 3078 25
1154 3013 1192 3080 K.
1210 3011 1291 3079 OAF
1307 3012 1335 3078 Il
1358 3034 1388 3099 p.
1406 3012 1483 3080 226.

197 3111 263 3179 Sed
285 3111 352 3176 iam
376 3111 480 3176 finem
503 3111 614 3179 facere
636 3112 850 3179 Polemonem
882 3132 996 3177 secum
1019 3110 1177 3198 loquendi
1200 3114 1353 3197 apertum
1386 3114 1440 3176 est
1464 3131 1483 3177 e

196 3231 297 3275 uersu
331 3210 381 3294 14,
418 3210 476 3275 ubi
498 3210 652 3277 Doridem
686 3232 771 3297 quae
801 3231 836 3275 re
869 3211 953 3276 bene
987 3213 1085 3294 gesta
1114 3210 1293 3275 reuertitur
1324 3207 1481 3294 adpellet.

195 3309 307 3395 Atque
343 3330 361 3374 e
395 3309 559 3394 particula
596 3318 763 3393 τοιγαροῦν
797 3330 828 3373 u.
856 3308 895 3374 13
936 3309 1147 3390 cognoscitur
1186 3327 1263 3373 eum
1300 3309 1482 3393 postquam

196 3406 276 3492 quid
307 3410 410 3472 antea
440 3408 581 3491 gesserit
611 3428 724 3472 secum
749 3407 1002 3492 computauerit,
1036 3411 1118 3472 tunc
1141 3427 1206 3491 quo
1234 3405 1269 3470 in
1294 3403 1483 3471 discrimine

195 3507 329 3592 propter
359 3503 441 3569 illud
471 3504 638 3588 flagitium
670 3503 767 3570 modo
798 3506 956 3569 uersatus
992 3505 1036 3569 sit
1071 3503 1187 3590 paucis
1212 3522 1481 3569 commemorare.

198 3604 306 3684 Quare
331 3605 455 3689 optime
471 3602 697 3668 Wilamowitz
720 3604 797 3687 post
819 3610 988 3685 τοιγαροῦν
1004 3601 1174 3688 suppleuit
1198 3602 1392 3685 ἀπηγχόμην
1415 3604 1482 3666 ‘me

196 3699 399 3787 suspendere
415 3701 449 3766 in
462 3702 573 3766 animo
586 3699 765 3765 habebam'
783 3700 822 3766 cf.
838 3698 923 3765 Plat.
934 3699 971 3765 fr.
990 3701 1031 3765 76
1046 3701 1082 3765 Κ.
1095 3698 1177 3764 OAP
1192 3700 1248 3785 lp.
1266 3699 1331 3764 622
1344 3698 1481 3785 Antiph.

195 3800 231 3865 lr.
250 3799 357 3883 148,6
392 3799 431 3864 K.
448 3798 529 3864 OAP
551 3799 581 3863 ΙΙ
615 3820 644 3884 p.
663 3799 714 3881 71,
750 3798 921 3880 112047
955 3799 994 3865 K.
1012 3797 1145 3863 GAPII
1180 3818 1209 3882 p.
1232 3798 1283 3862 99.
1331 3795 1481 3863 Philemo

194 3898 231 3962 fr.
251 3898 314 3963 130
336 3898 375 3963 K.
392 3896 473 3962 OAP
489 3897 519 3960 ll
541 3919 570 3983 p.
587 3895 652 3962 519
679 3896 845 3962 Archedic.
861 3896 899 3962 fr.
917 3896 982 3979 3,7
1005 3895 1044 3960 Κ.
1061 3895 1142 3961 GAP
1157 3895 1201 3960 111
1224 3917 1254 3981 p.
1271 3895 1345 3962 277.

302 3996 373 4061 Iam
397 4016 483 4080 quae
508 4000 695 4081 sequuntur
718 4015 759 4060 ea
778 3997 868 4060 recte
891 3995 1101 4080 interpretati
1125 3996 1206 4059 sunt
1233 3991 1396 4078 Britanni,
1422 3992 1482 4059 sed

197 4092 285 4179 quod
315 4116 346 4159 u.
376 4093 418 4158 16
451 4094 580 4177 [cracov]
613 4091 853 4179 suppleuerunt
888 4093 999 4157 minus
1030 4091 1149 4179 placet,
1187 4092 1266 4178 quia
1296 4091 1382 4156 haec
1413 4112 1482 4157 uox

197 4190 293 4256 deest
327 4191 462 4256 dictioni
503 4191 648 4256 comicae
685 4193 719 4256 et
749 4190 1029 4256 uestimentorum
1064 4189 1216 4272 catalogo
1248 4189 1305 4275 qui
1335 4188 1481 4255 traditus

197 4293 249 4356 est
273 4289 362 4375 apud
385 4288 553 4355 Pollucem
568 4288 629 4354 Vll
651 4289 695 4355 46
710 4310 778 4375 sqq.
825 4289 941 4374 Neque
966 4291 1151 4354 ceterarum
1173 4287 1340 4372 pallarum
1363 4287 1481 4354 mulie·

196 4389 305 4454 brium
336 4386 405 4453 ulla
439 4386 503 4453 hoc
532 4388 604 4454 loco
635 4386 770 4453 uidetur
801 4387 977 4451 nominata
1008 4407 1090 4452 esse.
1137 4384 1225 4450 Nam
1248 4388 1405 4469 ἔγκυκλον
1430 4383 1479 4468 (cf.

197 4486 378 4569 Hermann,
405 4483 531 4552 Grieoh.
556 4487 793 4572 Antiquitaten
816 4484 885 4550 lV⁸
907 4507 937 4571 p.
955 4485 1039 4570 188),
1073 4505 1160 4569 quae
1191 4505 1259 4549 uox
1282 4504 1353 4549 una
1376 4482 1479 4549 saluis

196 4585 343 4652 numeris
367 4585 475 4672 possit
498 4585 653 4672 suppleri,
677 4588 852 4670 propterea
875 4584 992 4668 nequit
1008 4587 1107 4666 stare,
1134 4580 1222 4668 qnod
1238 4582 1479 4648 uestimentum
