3098 4956
218 141 330 226 Atque
360 141 393 205 in
425 139 477 206 bis
501 139 668 207 Leonidae
701 143 735 206 et
757 140 915 206 Nicandri
945 140 1026 206 loeis
1050 139 1182 227 syllaba
1209 144 1286 226 ἀχρ-
1306 144 1421 207 utrum
1443 162 1501 228 per

217 260 254 304 se
279 238 509 324 appositione
533 238 736 325 producatur
752 259 960 324 quaeramus.
1008 238 1115 320 Quam
1140 237 1306 326 syllabam
1330 240 1442 324 siper
1465 261 1501 306 se

217 335 319 419 longa
342 336 499 402 essetab
524 336 684 422 antiquae
709 339 744 402 et
766 336 896 403 mediae
925 334 1116 402 comoediae
1138 337 1247 422 poetis
1270 342 1458 422 correptam
1481 359 1503 403 a

198 429 457 499 'recentioribus
493 434 689 520 productam
712 455 787 500 esse
818 436 1059 517 statueremuS,
1098 433 1131 500 id
1159 433 1247 519 quod
1270 455 1329 520 per
1364 456 1400 500 se
1432 435 1503 501 fieri

216 532 366 618 potuisse
389 552 487 597 nemo
512 533 565 597 est
588 531 645 618 qui
666 535 767 615 neget
791 531 1110 598 cf.Ki1hner-Blass
1132 531 1152 597 l.
1169 532 1225 597 sl
1247 553 1276 617 p.
1294 533 1409 615 307,5.
1456 534 1503 599 At

216 650 293 694 cum
317 629 406 715 apud
430 632 609 714 utrumque
633 632 769 715 poetam
797 650 864 695 uox
886 631 990 714 ἀχράς
1012 629 1062 696 ita
1084 628 1294 713 adhibeatur,
1331 633 1370 696 ut
1393 630 1503 716 prima

217 726 350 814 syllaba
371 727 407 791 in
436 726 523 792 thesi
555 748 657 812 quam
687 727 859 793 uocabant
888 731 1023 793 ueteres
1046 731 1202 813 ponatur,
1235 729 1402 813 positione
1426 749 1503 794 eam

216 824 353 912 produci
368 824 474 891 multo
491 827 544 890 est
559 826 631 891 ueri
644 825 783 891 similius
795 826 993 911 praesertim
1009 847 1085 891 cum
1100 826 1340 912 correptionem
1352 827 1503 892 Atticam

216 924 388 1007 uterque¹)
419 922 604 1006 neglexerit
633 924 835 1008 plerumque.
882 923 1011 989 Dixerit
1040 923 1142 1006 igitur
1164 922 1309 989 fortasse
1334 923 1503 1010 quispiam

215 1021 446 1105 Menandrum,
480 1042 556 1086 cum
586 1025 737 1087 seruaret
766 1021 855 1086 hanc
888 1021 1135 1108 correptionem,
1168 1022 1308 1107 primam
1332 1020 1503 1109 syllabam

216 1119 309 1184 uocis
337 1120 481 1202 ἀχράδας
512 1118 692 1205 producere
723 1140 791 1184 non
822 1120 980 1204 potuisse.
1026 1120 1073 1185 At
1095 1138 1164 1183 non
1195 1139 1269 1184 raro
1293 1119 1358 1205 ipsi
1381 1121 1503 1205 tragici

215 1218 335 1304 poetae
366 1216 501 1283 uocales
532 1238 590 1302 per
613 1237 650 1282 se
673 1217 802 1300 breues,
835 1238 920 1303 quas
943 1219 1039 1282 muta
1072 1238 1147 1283 cum
1171 1215 1297 1303 liquida
1321 1218 1502 1283 coniuncta

217 1317 420 1401 sequeretur,
448 1314 678 1402 produxerunt
701 1314 740 1381 cl.
757 1314 1021 1381 Kiihner-Blass
1045 1315 1064 1380 l.
1081 1335 1105 1382 s.
1126 1314 1141 1379 Ι
1163 1336 1194 1400 p.
1211 1314 1287 1397 306,
1297 1314 1327 1380 4.
1382 1315 1501 1400 Itaque

217 1413 296 1499 quin
320 1411 504 1478 Menander
527 1434 658 1499 quoque
681 1412 850 1479 interdum
873 1413 1114 1497 correptionem
1133 1412 1282 1478 Atticam
1304 1412 1501 1495 neglexerit,

214 1531 421 1596 quamquam
437 1509 527 1595 apud
548 1510 659 1596 ipsum
675 1510 785 1576 adhuc
801 1510 954 1595 exempla
969 1530 1038 1576 non
1053 1509 1261 1596 reppererim,
1285 1531 1355 1575 non
1372 1509 1499 1577 dubito.

215 1609 265 1673 Ac
288 1610 376 1673 certe
399 1608 463 1673 hoc
478 1606 592 1673 malim
608 1612 757 1674 statuere
774 1629 876 1696 quam
887 1608 1098 1674 Theodorum
1109 1607 1204 1674 Kock
1220 1610 1358 1673 secutus
1382 1628 1502 1674 uocem

215 1706 375 1771 traditam
412 1709 543 1772 mutare
581 1707 616 1771 in
655 1706 798 1772 alteram
835 1727 937 1793 quam
971 1727 1013 1772 ne
1049 1705 1128 1792 quid
1162 1706 1331 1789 significet
1365 1705 1502 1791 quidem

216 1805 328 1870 sciam
371 1802 487 1890 Neque
503 1802 557 1869 ille
575 1807 718 1888 ἀχράδας
741 1825 844 1869 sensu
867 1825 977 1870 carere
994 1803 1223 1870 contendisset
1238 1803 1304 1869 nisi
1319 1803 1338 1870 l.
1352 1826 1377 1871 s.
1391 1825 1422 1890 p.
1435 1805 1501 1871 588

215 1899 481 1967 ‘umheriirhren'¹
502 1904 537 1966 et
559 1901 821 1969 ‘herumliihren’
844 1903 933 1967 inter
956 1923 992 1968 se
1010 1901 1223 1968 contudisset.
1270 1901 1358 1968 Nam
1381 1923 1501 1968 uocem

214 2001 432 2083 περιηχεῖσθαι
459 2002 548 2065 recte
571 2000 812 2086 interpretatus
825 2002 878 2065 est
894 2002 1086 2085 comparato
1098 1999 1261 2066 Herodoti
1275 2000 1348 2066 loco
1361 1999 1423 2065 VII
1434 1999 1503 2066 214

216 2100 313 2162 οῖ-
330 2101 599 2182 περιηγησάμενοι
620 2098 656 2161 rb
680 2097 778 2181 οὖρος
792 2099 1033 2183 τοῖςΠέρσηιαι,
1058 2119 1158 2183 quem
1180 2098 1290 2164 locum
1313 2099 1361 2164 sic
1384 2100 1501 2165 uertit:

214 2192 289 2277 ‘die,
312 2195 440 2260 welche
465 2195 518 2260 die
540 2195 657 2260 Perser
679 2216 737 2260 um
761 2194 826 2261 den
849 2195 934 2278 Berg
956 2194 1100 2279 gefiihrt,
1124 2195 1228 2262 ihnen
1251 2194 1314 2263 den
1332 2195 1420 2279 Weg
1443 2218 1501 2263 um

215 2290 281 2356 den
304 2292 390 2375 Berg
412 2293 541 2376 gezeigt
563 2294 702 2358 hatten’.
741 2292 858 2380 Neque
882 2295 1017 2359 omnino
1033 2293 1247 2378 intellegitur,
1272 2315 1330 2359 cur
1351 2315 1422 2360 non
1435 2295 1502 2361 hoc

215 2410 347 2475 quoque
370 2389 442 2455 loco
466 2390 608 2455 uerbum
630 2395 849 2475 περιηχεῖσθαι
873 2412 948 2458 cum
965 2394 1109 2475 ἀχράδας
1125 2393 1340 2459 coniunctum
1356 2392 1501 2459 eandem

214 2486 339 2552 habere
361 2488 469 2571 possit
484 2487 769 2570 significationem.
816 2488 910 2569 Quae
927 2511 1002 2555 cum
1024 2490 1074 2556 ita
1097 2489 1166 2556 sint
1180 2489 1355 2555 Menandri
1378 2513 1500 2558 uersus

215 2585 263 2649 sic
285 2585 528 2670 interpretandi
550 2587 643 2650 sunt:
675 2590 776 2651 ‘nunc
807 2590 987 2653 uenatores
1019 2587 1077 2672 qui
1107 2609 1150 2653 ex
1173 2588 1255 2653 urbe
1286 2586 1501 2656 aduenerant

216 2681 336 2747 ducam
367 2682 488 2748 circum
519 2682 608 2767 piros
639 2682 831 2750 siluestres?
877 2686 927 2754 Ac
962 2705 1037 2750 cum
1068 2688 1136 2751 ruri
1167 2706 1291 2752 scaena
1321 2685 1434 2770 fuerit,
1465 2686 1499 2752 id

215 2778 304 2864 quod
326 2779 401 2866 ipsa
430 2801 484 2845 res
516 2781 622 2864 docet,
652 2780 692 2847 de
724 2782 803 2867 piris
831 2804 974 2869 quarum
1000 2783 1064 2849 hoc
1092 2784 1279 2867 fragmento
1310 2785 1438 2851 mentio
1461 2786 1498 2850 fit

215 2881 318 2943 antea
348 2876 475 2944 dictum
504 2877 610 2945 fuisse
641 2879 775 2946 uidetur
805 2881 855 2946 ita
884 2884 924 2946 ut
956 2884 1172 2968 spectatores
1209 2903 1356 2968 quanam
1388 2882 1430 2948 de
1463 2902 1496 2948 re

215 2979 380 3059 ageretur,
404 2997 473 3042 non
496 2977 698 3062 ignorarent,
732 2978 790 3044 sed
822 2980 938 3045 statim
962 3000 1039 3044 eum
1067 2979 1124 3067 qui
1148 2979 1294 3066 loquitur
1318 2983 1495 3046 uenatores

216 3072 394 3140 ducturum
419 3096 493 3140 esse
517 3077 641 3141 scirent
664 3078 785 3142 semita
800 3098 900 3142 usum
916 3097 1002 3161 quae
1027 3077 1149 3143 circum
1172 3078 1261 3163 piros
1287 3077 1363 3143 illas
1386 3077 1494 3144 ferret

835 3324 866 3388 V

619 3447 666 3531 (fr.
683 3448 748 3515 237
771 3448 810 3514 Κ.
826 3448 908 3515 CAN
930 3449 974 3514 III
996 3470 1026 3534 p.
1044 3451 1106 3533 68).

705 3555 783 3622 ΘΗ
785 3558 819 3620 Σ
822 3557 853 3621 Α
868 3557 935 3621 YP
942 3557 1021 3622 ΟΣ.

426 3681 555 3751 πολλοῖς
577 3682 766 3764 ὑπέκκαομ’
790 3684 851 3746 ἔστ’
868 3684 990 3765 ἔρωτος
1012 3684 1150 3766 μουσικὴ

429 3775 609 3866 [πονηρόν]

320 3891 373 3957 Ad
397 3893 618 3979 supplendum
641 3892 816 3960 Menandri
838 3893 874 3959 ir.
892 3895 956 3959 237
979 3893 1019 3960 K.
1037 3894 1119 3959 oAF
1141 3895 1185 3960 Ill
1207 3917 1237 3982 p.
1254 3896 1297 3962 68

426 3993 555 4064 πολλοῖς
577 3995 759 4076 ὑπέκκαυμ’
776 3995 836 4056 ἔστ’
854 3995 974 4077 ἔρωτος
995 3996 1146 4077 μουσική,

213 4088 302 4175 quod
339 4088 566 4172 fragmentum
605 4089 766 4157 traditum
801 4092 855 4155 est
889 4089 980 4156 Stob.
1008 4089 1091 4156 Flor.
1120 4090 1172 4174 63,
1191 4093 1243 4174 18,
1283 4091 1404 4159 Nauck
1425 4093 1490 4159 l.s.

275 4232 276 4237 λ
320 4268 338 4338 ¹)
359 4268 394 4322 de
411 4266 553 4323 Nicandro
573 4268 609 4323 cf.
629 4267 661 4322 G.
680 4267 833 4334 Hermann,
852 4267 973 4338 Orphica
991 4286 1017 4340 p.
1036 4268 1098 4326 760.
