3096 4950
719 261 942 318 -22-

195 433 280 508 δεξιὰ
305 433 444 515 ἀγρόθεν
468 437 487 516 ἢ
511 435 546 498 ἐκ
570 435 696 517 λιμένος
720 438 739 517 ἢ
763 437 800 498 ἐκ
823 436 948 505 πόλεως
972 437 1039 517 ἄγει
1063 455 1104 499 ea
1127 437 1282 521 corrupta
1309 456 1383 500 esse
1409 434 1476 500 ad-

193 532 298 616 paret.
345 530 471 609 Quibus
502 529 701 596 medicinam
733 530 816 596 lacit
846 531 1029 597 Fridericus
1053 532 1146 597 Marx
1178 553 1253 598 cum
1283 534 1318 598 in
1348 533 1475 599 scholis

195 648 278 714 quas
303 626 343 693 de
365 626 478 693 Plauti
500 627 655 693 Rudente
679 627 784 694 habet
807 628 1017 694 scribendum
1046 651 1119 695 esse
1140 629 1236 696 docet
1259 635 1278 714 ἡ
1301 632 1360 715 μὲν
1385 632 1474 706 δεξιὰ

195 727 342 810 ἀγρόθεν,
358 723 396 814 (ἡ
411 723 638 814 ὁ’ἀριστερὰ>ἢ
656 728 692 790 ἐκ
708 728 833 809 λιμένος
849 732 868 810 ἢ
886 729 922 791 ἐκ
937 728 1062 799 πόλεως
1078 731 1157 812 ἄγει;
1177 749 1242 813 quo
1258 729 1292 793 in
1308 729 1379 794 loco
1397 750 1476 794 cum

194 844 299 889 unum
318 824 474 909 quodque
495 822 589 889 colon
606 824 695 909 quod
714 827 840 890 uocant
863 824 1011 890 alittera
1026 850 1045 908 η
1062 826 1230 910 inciperet,
1255 825 1410 891 facillime
1432 829 1476 910 ηδ

194 945 341 1005 αριστερα
361 921 470 986 omitti
485 923 635 1007 potuisse
655 942 754 987 nemo
776 942 844 986 non
859 921 960 987 uidet.
994 923 1063 988 Nec
1083 944 1149 989 non
1165 927 1343 1008 utrumque
1364 944 1476 989 rerum

194 1020 387 1106 scriptorem
411 1019 583 1084 uocabuhs
607 1021 693 1094 δεξιά
718 1021 752 1084 et
775 1022 922 1103 ἀριστερά
946 1019 1097 1085 dextram
1121 1024 1156 1087 et
1178 1021 1312 1086 laeuam
1335 1042 1476 1087 manum

195 1119 431 1204 spectatorum,
448 1138 517 1182 non
531 1116 730 1182 histrionum
751 1117 934 1200 significare
951 1120 985 1183 et
999 1139 1057 1204 per
1074 1140 1110 1184 se
1128 1122 1179 1184 est
1191 1118 1361 1204 probabile
1379 1121 1415 1184 et
1432 1141 1477 1184 ex

194 1215 275 1300 ipsis
291 1218 444 1280 ueterum
459 1216 633 1301 poetarum
654 1215 880 1282 scaenicorum
896 1216 1057 1302 operibus,
1075 1216 1153 1281 dum
1168 1217 1266 1282 modo
1283 1219 1340 1281 uia
1355 1239 1394 1282 ac
1418 1239 1476 1282 ra-

194 1314 286 1378 tione
302 1313 435 1395 singula
452 1312 556 1378 uerba
575 1313 840 1400 interpretemur,
863 1314 1076 1380 concluditur.
1111 1317 1221 1400 Atque
1239 1335 1302 1400 quo
1323 1315 1421 1380 modo
1440 1315 1477 1379 in

194 1409 307 1476 Plauti
321 1409 505 1493 Rudente1)
529 1432 582 1476 res
603 1432 639 1476 se
655 1411 789 1496 habeat,
815 1411 997 1478 Fridericus
1013 1413 1108 1478 Marx
1130 1412 1165 1476 in
1189 1411 1309 1476 scholis
1326 1415 1475 1497 exponit.

195 1507 317 1573 Urbem
342 1510 429 1573 enim
453 1513 487 1573 et
509 1510 642 1594 portum
665 1509 700 1573 in
724 1509 873 1592 eodemq
898 1531 1041 1575 scaenae
1071 1510 1177 1576 latere
1209 1531 1282 1575 esse
1313 1511 1395 1575 sitos
1422 1509 1474 1574 di-

196 1606 319 1672 scimus
343 1627 386 1671 ex
408 1627 439 1671 u.
457 1605 535 1672 856:

379 1721 471 1787 ‘Iube
493 1721 568 1787 illos
591 1723 627 1786 in
650 1722 765 1788 urbem
788 1724 835 1788 ire
860 1723 995 1789 obuiam
1017 1724 1052 1788 in
1075 1726 1207 1809 portum
1231 1722 1330 1789 mihi?

197 1837 300 1923 Atqui
323 1837 404 1903 urbs
431 1837 498 1902 sita
521 1840 573 1903 est
595 1838 630 1903 in
656 1859 694 1904 eo
718 1837 824 1904 latere
846 1839 879 1903 in
899 1860 963 1924 quo
988 1840 1058 1904 stat
1074 1840 1234 1905 Arcturus
1258 1837 1297 1905 ci.
1314 1861 1345 1904 u.
1362 1838 1404 1903 32
1415 1860 1479 1925 sq:

379 1953 619 2019 ‘Primumdum
641 1953 719 2020 huic
729 1956 750 2037 ⁸)
775 1975 849 2020 esse
872 1976 995 2021 nomen
1019 1955 1091 2020 urbi
1114 1954 1266 2040 Diphilus

392 2051 538 2139 Cyrenas
561 2053 685 2136 uoluit;
709 2052 774 2119 illic
797 2053 931 2119 habitat
952 2053 1151 2119 Daemones’

196 2188 259 2233 nec
282 2189 351 2234 non
373 2168 409 2232 in
433 2168 550 2234 eodem
572 2167 676 2234 latere
700 2169 838 2234 Ueneris
862 2168 1010 2252 lanumb
1036 2168 1235 2254 conspicitur
1257 2190 1288 2233 u.
1305 2166 1361 2233 61:

382 2284 429 2349 ‘ld
451 2284 505 2350 hie
529 2287 581 2350 est
603 2284 741 2350 Ueneris
764 2284 901 2351 fanum?

198 2400 303 2485 Atqui
324 2398 443 2466 fanum
473 2400 625 2466 mulieres
650 2421 736 2486 quae
761 2422 793 2466 u.
814 2401 879 2467 253
903 2401 938 2465 in
962 2421 1084 2466 scaena
1107 2402 1293 2482 uersentur,
1324 2399 1367 2465 ad
1395 2398 1479 2464 dex-

199 2499 287 2562 tram
310 2495 449 2563 habent:

382 2614 523 2679 ‘Fanum
547 2613 684 2680 uidesne
706 2614 793 2680 hoc?
816 2610 859 2700 qt:
883 2612 1002 2679 Ubist‘?
1026 2613 1071 2700 Ab
1092 2613 1145 2678 Ad
1169 2613 1359 2678 dexteram?

199 2727 284 2810 Ergo
308 2727 463 2794 muheres
487 2729 589 2795 etiam
611 2729 728 2794 urbem
748 2733 945 2814 portumque
966 2728 1094 2794 habent
1114 2727 1157 2794 ad
1181 2729 1340 2793 dextram.
1385 2728 1481 2809 Quae

200 2825 355 2891 mulieres
386 2847 461 2891 eum
493 2830 697 2912 spectatores
727 2827 923 2911 adspiciant,
956 2847 1018 2892 nee
1042 2828 1218 2912 quisquam
1249 2828 1378 2891 actores
1402 2847 1481 2891 oum

202 2923 242 2988 de
267 2922 385 2990 dextra
408 2926 443 2990 et
464 2923 564 2990 laeua
588 2924 735 2991 dicerent
762 2945 830 2990 non
854 2923 895 2989 de
917 2925 1063 3010 ipsorum
1097 2924 1156 2989 sed
1180 2925 1219 2990 de
1251 2925 1481 3010 spectatorum

200 3022 357 3087 manibus
373 3023 537 3104 cogitasse
553 3023 660 3108 possit
676 3022 881 3105 argumentis
900 3021 974 3087 ullis
991 3021 1195 3104 confirmare,
1212 3021 1329 3086 urbem
1344 3025 1481 3106 portum

201 3119 317 3184 lanum
352 3123 557 3206 spectatores
588 3120 717 3186 habent
751 3121 794 3186 ad
825 3120 967 3186 laeuam.
1022 3121 1088 3186 Sed
1120 3121 1222 3186 etiam
1257 3118 1324 3184 aha
1357 3120 1481 3204 quibus

201 3217 290 3283 hanc
323 3217 478 3284 Friderici
509 3218 604 3283 Marx
638 3218 847 3305 comprobem
882 3220 1101 3302 sententiam,
1137 3219 1172 3283 in
1207 3221 1362 3304 promptu
1397 3219 1481 3282 sunt

203 3314 367 3401 exempla:
383 3317 421 3381 In
433 3315 658 3382 Menaechmis
671 3315 813 3381 Plautus
830 3338 883 3381 uu.
901 3316 965 3381 555
975 3337 1043 3402 sqq.
1065 3315 1319 3382 Menaechmum
1335 3314 1481 3380 alterum

201 3412 286 3478 haec
307 3411 391 3479 facit
414 3414 593 3480 dicentem:

291 3529 443 3594 ‘Demam
465 3531 553 3594 hanc
577 3548 733 3594 coronam
757 3531 858 3613 atque
883 3527 1024 3593 abiciam
1048 3528 1091 3593 ad
1114 3527 1247 3594 laeuam
1269 3549 1417 3610 manum,

299 3625 367 3692 Ubi
391 3628 419 3692 si
442 3630 624 3712 sequentur
648 3647 711 3708 me,
735 3624 799 3690 hac
823 3625 934 3691 abisse
959 3629 1127 3692 censeant.

302 3724 360 3790 Ibo
385 3727 420 3790 et
443 3724 640 3790 conueniam
663 3743 795 3789 seruom
819 3724 846 3788 si
869 3726 983 3810 potero
1008 3729 1138 3790 meum?

311 3913 329 3979 ¹)
349 3911 541 3965 Romanorum
560 3914 656 3964 autem
674 3910 807 3980 palliatae
826 3910 988 3966 comoediae
1007 3927 1138 3966 scaenam
1156 3910 1244 3964 fuisse
1264 3911 1382 3965 eandem
1395 3927 1485 3980 quam

203 4008 296 4046 nouae
315 3989 477 4046 comoediae
496 3990 620 4045 Graecae
638 3992 708 4045 satis
727 3994 771 4045 est
790 3994 1018 4046 consentaneum.
1277 3990 1280 3995 ’

311 4072 329 4141 q
349 4071 378 4126 id
394 4070 470 4142 quod
489 4070 575 4125 etiam
594 4071 725 4126 Albertus
743 4071 842 4127 Mr'rller
859 4071 960 4126 Philol.
980 4070 1022 4135 59,
1035 4069 1105 4125 1900
1123 4087 1148 4140 p.
1161 4070 1244 4140 9sqq.
1264 4069 1402 4140 probauit,
1434 4072 1485 4141 qui

203 4154 301 4206 tamen
320 4151 355 4205 de
372 4150 504 4205 Rudente
523 4154 690 4220 argumenta
708 4168 764 4206 non
783 4151 900 4222 protulit
917 4168 944 4220 p.
959 4150 1000 4204 15.

312 4232 331 4300 ³)
350 4231 491 4286 uocabulo
509 4229 573 4285 ‘hie’
593 4249 655 4285 eam
674 4247 794 4286 scaenae
813 4233 930 4302 partem,
958 4231 988 4284 in
1006 4246 1063 4301 qua
1085 4230 1109 4284 is
1133 4230 1179 4300 qui
1203 4230 1327 4300 loquitur
1351 4233 1486 4285 uersetur

204 4311 330 4377 indicari,
351 4310 472 4366 alteram·
488 4313 627 4366 uocabulo
645 4309 710 4366 ‘ille'
729 4327 811 4365 nemo
830 4310 929 4365 nescit.

311 4391 330 4459 ⁴)
351 4391 432 4459 Quod
451 4391 537 4461 Soph.
557 4391 598 4447 Ml.
611 4392 677 4462 7sq.
696 4392 778 4445 aliter
796 4407 840 4444 res
859 4392 1002 4455 sehabet,
1028 4390 1064 4445 ad
1083 4391 1158 4444 hunc
1182 4389 1275 4444 locum
1294 4389 1487 4459 interpretan-

192 4471 360 4603 dumrnihss
378 4472 473 4526 ualere
492 4488 647 4541 cognosces
671 4489 706 4526 ex
724 4470 772 4536 eis,
803 4487 874 4542 quae
893 4470 992 4525 Kaibel
1010 4468 1188 4540 ‘Sophokles’
1206 4467 1329 4524 Elektra’
1347 4486 1373 4538 p.
1393 4469 1430 4523 68
1441 4487 1486 4543 sq.

215 4566 282 4603 ocu1
294 4591 301 4604 .
