3098 4956
657 292 701 301 -
746 255 878 320 72...

65 490 71 501 .
130 430 290 518 exempla
347 430 463 517 Neque
498 432 585 496 enim
621 431 687 498 huc
721 431 906 517 pertinent,
943 452 1029 517 quae
1062 430 1152 518 apud
1186 430 1412 498 Menandrum

129 530 253 615 scripta
277 527 428 594 uidemus
451 528 489 594 fr.
505 528 572 594 420
587 528 625 594 K.
650 529 731 595 GAF
747 529 790 593 ΙΙΙ
813 550 843 614 p.
861 530 924 594 122

637 629 823 710 σιτόκουρον
846 629 959 693 ἄθλιον

341 728 499 809 ἄχρηστον
521 728 565 797 εἰς
586 727 643 810 τὴν
665 729 768 790 οἰκίαν
791 727 964 811 εἰλήφαμεν

130 821 169 888 ei.
184 822 335 888 Meineke
359 821 533 888 Menandri
556 825 591 888 et
613 821 818 888 Philemonis
841 821 909 889 rell.
932 845 962 909 p.
980 823 1022 889 65
1045 822 1130 889 med.

235 929 322 995 'lota
359 932 474 995 autem
512 929 596 996 haec
634 930 723 995 serui
758 929 864 995 oratio
903 951 1004 1016 quam
1045 928 1143 996 modo
1186 932 1411 997 tractauimus

9 1060 11 1064 ⁴
119 1036 196 1092 'non
219 1028 269 1092 ita
291 1025 402 1113 placet
425 1025 641 1109 adulescenti,
673 1027 733 1092 sed
756 1026 858 1092 altius
882 1029 912 1093 ei
935 1025 1068 1092 uidetur
1098 1048 1172 1093 esse
1205 1031 1413 1111 exaggerata

131 1146 193 1191 nec
215 1128 333 1190 tamen
355 1125 438 1191 satis
461 1125 648 1211 perspicua:

342 1223 481 1307 σοβαρὸς
503 1224 562 1306 μὲν
585 1226 604 1288 ὁ
626 1225 735 1307 λόγος·
753 1225 799 1287 ὅτι
823 1224 857 1287 δὲ
880 1227 967 1287 τοῦτ’
992 1226 1072 1287 ἔστιν
1094 1225 1179 1297 ποτέ,

342 1332 402 1394 οὐκ
428 1329 492 1394 οἷδ’
521 1333 631 1413 ἔγωγε.
668 1315 673 1324 “
738 1331 788 1394 Ao
812 1327 852 1394 de
877 1314 1041 1395 uocabulo
1066 1331 1206 1414 σοβαρός
1233 1328 1335 1408 uelim
1358 1330 1412 1395 in-

129 1437 251 1523 spicias
281 1435 438 1502 Photium
470 1458 494 1501 s.
518 1458 548 1503 u.
581 1419 720 1521 σοβαρός
743 1459 773 1523 ρ.
790 1437 865 1520 527,
875 1437 918 1500 24
941 1435 1032 1502 Pors.
1047 1437 1136 1501 =ll
1158 1457 1188 1521 p.
1206 1437 1271 1502 168
1298 1435 1413 1502 Naber

127 1537 282 1619 λαμπρός,
306 1537 523 1618 ἐπαιρόμενος,
547 1536 716 1619 τολμηρός,
741 1537 898 1619 αὐθάδης,
924 1537 987 1609 ἔξω
1010 1542 1066 1599 τοῦ
1088 1537 1214 1606 δέοντος
1229 1537 1412 1619 φερόμενος

128 1672 172 1682 -
187 1672 232 1680 -
254 1640 392 1716 χρῶνται
408 1634 442 1697 δὲ
457 1641 505 1717 τῆι
528 1635 607 1707 λέξει
629 1635 737 1717 ταύτηι
753 1635 905 1717 συνήθως
921 1636 952 1696 οῖ
966 1629 1145 1722 κ<ωμ>ικσί
1158 1635 1293 1714 (κυνικοί
1308 1630 1411 1714 codd.)

129 1731 170 1797 cf.
182 1731 410 1816 Aristophont.
426 1729 464 1796 fr.
483 1732 534 1812 11,
544 1732 565 1795 5
576 1730 614 1796 K.
632 1730 755 1796 OAFH
770 1752 799 1816 p.
812 1732 887 1815 280,
905 1731 967 1797 inc.
980 1751 1061 1796 com.
1073 1729 1112 1798 fr.
1124 1730 1209 1797 1150
1220 1730 1259 1795 K.
1277 1729 1414 1796 chrm

127 1851 158 1916 p.
175 1831 248 1894 597.
290 1827 454 1894 Necnon
484 1827 572 1893 idem
603 1829 805 1895 uocabulum
829 1829 931 1895 etiam
955 1827 995 1894 de
1020 1828 1163 1895 dictione
1194 1831 1229 1894 et
1260 1828 1413 1894 oratione

130 1925 248 1992 dicitur
274 1925 360 1991 Plut.
376 1926 455 1993 Mor.
478 1948 508 2012 p.
524 1925 609 1992 410
633 1929 679 1998 ὡς
702 1928 763 2010 γὰρ
786 1934 850 1992 τῶν
872 1930 932 1991 ὑπ’
956 1929 1065 1999 αὐλοῖς
1080 1928 1235 1992 ἀιόόντων
1251 1929 1414 1992 diuellat

128 2025 202 2096 τοὺς
225 2027 401 2095 ἀκούοντας
420 2027 567 2107 ἁμαρτίαι
591 2027 824 2108 διαφεύγουσιν,
849 2028 934 2089 οὕτω
958 2026 1081 2108 περιττὴ
1106 2026 1160 2089 καὶ
1183 2024 1307 2109 σοβαρὰ
1330 2026 1414 2099 λέξις

129 2125 310 2206 ἀντιλάμπει
325 2129 380 2186 τῶι
401 2124 553 2206 ἀκροατῆι
575 2124 657 2206 πρὸς
671 2123 707 2187 τὸ
725 2124 930 2206 δηλούμενον.
956 2122 995 2189 cf.
1012 2121 1133 2188 Suidas
1151 2143 1175 2187 s.
1191 2143 1223 2186 u·
1248 2125 1412 2207 ῥητορική.

237 2219 393 2307 Sequitur
416 2241 505 2285 nunc
529 2221 684 2286 columna
706 2221 816 2305 tertia,
842 2221 935 2286 cuius
959 2241 1036 2306 pars
1060 2219 1143 2285 adeo
1161 2220 1270 2285 deleta
1285 2223 1347 2305 est,
1372 2222 1414 2286 ut

130 2317 170 2384 de
194 2316 400 2383 restituendo
425 2316 645 2403 desperemus.
680 2317 787 2383 Alteri
811 2339 897 2404 quae
921 2320 1017 2384 extat
1039 2318 1309 2403 interpretandae
1332 2321 1413 2384 tan·

132 2437 233 2502 quam
264 2415 524 2480 fundamentum
554 2416 631 2481 iecit
661 2415 739 2500 Leo,
772 2437 847 2480 cum
877 2438 907 2502 p.
932 2415 997 2482 675
1029 2437 1071 2480 ex
1098 2437 1258 2481 uersuum
1282 2417 1325 2481 89
1341 2437 1413 2503 sqq.

128 2513 275 2600 reliquiis
298 2513 436 2600 planum
459 2514 538 2578 iecit
564 2513 719 2579 lenonem
729 2518 750 2597 1)
783 2515 951 2599 quendam
974 2534 1163 2579 sermonem
1186 2512 1311 2580 habere
1336 2535 1414 2580 cum

131 2612 253 2698 aliquo,
285 2612 342 2697 qui
372 2611 402 2677 ei
433 2613 472 2676 ut
502 2611 710 2677 meretricem
741 2633 762 2676 a
794 2610 924 2677 dnobus
955 2609 1227 2677 adulescentibus
1262 2615 1415 2678 amatam

130 2709 227 2775 alteri
250 2707 378 2775 uendat
404 2708 501 2774 modo
526 2710 677 2775 suaserit.
724 2711 770 2774 At
792 2710 827 2774 in
850 2710 943 2774 nulla
966 2708 1140 2775 Menandri
1162 2708 1280 2776 fabula
1302 2710 1414 2777 adhue

130 2807 285 2873 lenonem
315 2809 482 2892 repertum
513 2828 587 2872 esse
617 2806 801 2872 Fridericus
832 2807 927 2872 Marx
957 2808 992 2872 in
1023 2806 1144 2872 scholis
1175 2806 1272 2874 docet
1301 2828 1413 2894 neque

130 2926 274 2991 usquam
297 2926 339 2970 ex
363 2905 410 2969 eis
434 2904 607 2970 uocabulis
643 2905 762 2991 quibus
797 2905 953 2970 lenonem
979 2907 1105 2971 uocant
1134 2904 1240 2971 ullum
1272 2906 1415 2972 occurrit

130 3002 196 3068 nisi
228 3002 331 3068 semel
360 3004 565 3086 πορνοκόιιος
595 3003 631 3068 ir.
650 3003 735 3068 1057
752 3001 790 3068 K.
815 3002 896 3068 GAF
918 3003 963 3069 III
992 3025 1022 3089 p.
1040 3004 1113 3070 260.
1167 3003 1292 3070 Contra
1322 3002 1415 3090 apud

131 3099 300 3187 Diphilum
333 3100 424 3166 haud
460 3099 595 3166 infimas
629 3103 742 3188 partes
777 3103 848 3184 agit
880 3100 956 3167 leno
991 3103 1026 3166 in
1061 3122 1102 3166 ea
1135 3102 1252 3167 fabula
1280 3102 1321 3168 de
1345 3122 1415 3188 qua

132 3198 322 3264 Rudentem
337 3198 480 3264 Plautus
501 3199 665 3286 expressit
693 3201 728 3265 et
749 3199 785 3264 in
809 3220 850 3264 ea
873 3220 960 3286 quae
983 3198 1414 3284 Evnanodrqrouovtccad-

131 3295 327 3383 pellabatur.
373 3297 531 3364 Necnon
554 3299 589 3362 in
612 3298 740 3363 incerta
764 3297 909 3383 quadam
932 3297 1020 3362 illius
1051 3296 1168 3363 fabula
1196 3297 1273 3363 leno
1304 3298 1414 3364 intro-

134 3394 319 3461 ducebatur
343 3394 383 3461 de
407 3399 496 3462 sorte
520 3397 613 3481 queri
634 3394 672 3459 fr.
689 3389 732 3462 87
749 3395 787 3459 Κ.
812 3394 893 3460 CAF
908 3395 938 3458 ΙΙ
960 3417 989 3481 p.
1006 3395 1072 3460 570

346 3496 406 3558 οὐκ
430 3497 510 3559 ἔστιν
535 3489 670 3581 οὐ<0>ὲν
692 3495 812 3575 τεχνίον
836 3493 1046 3575 ἐξωλέστερον

343 3599 400 3655 τοῦ
422 3593 648 3674 πορνοβοσκοῦ
665 3612 692 3654 e.
712 3611 741 3675 q.
758 3611 783 3654 s.
814 3588 1098 3656 Commemoratur
1121 3590 1224 3656 etiam
1247 3591 1282 3656 in
1298 3589 1415 3659 fabula

133 3689 319 3772 Ζωγράφος
342 3688 380 3752 fr.
396 3688 449 3771 43,
460 3689 503 3752 22
519 3687 558 3752 K.
582 3686 708 3752 CAFII
731 3690 761 3773 p.
778 3687 851 3752 554.
891 3688 999 3768 Quare
1024 3709 1099 3753 cum
1122 3687 1267 3754 Leonem
1294 3710 1415 3755 uerum

132 3785 257 3851 uidisse
279 3786 394 3868 negari
416 3807 485 3851 non
505 3785 621 3871 possit,
646 3786 758 3862 nescio
783 3807 836 3870 an,
861 3786 969 3852 ueluti
992 3785 1172 3872 Sophocles
1196 3788 1312 3852 aetate
1335 3807 1413 3872 pro-

132 3887 252 3950 uectus
275 3884 436 3949 minorem
456 3886 541 3949 natu
557 3882 746 3969 Euripidem
761 3883 853 3950 haud
868 3905 941 3950 raro
958 3886 1057 3951 rebus
1073 3884 1280 3968 argumentis
1296 3884 1413 3951 colori-

132 3982 196 4047 bus
230 3983 382 4048 imitatus
419 3984 487 4064 est,
534 3982 584 4047 ita
618 3981 800 4050 Menander
810 3985 831 4066 q
875 4004 1006 4070 quoque
1052 3984 1087 4047 in
1129 3981 1247 4049 Colace
1290 3982 1415 4069 Diphili

132 4079 277 4163 uestigia
292 4081 449 4166 presserit
465 4083 499 4145 et
514 4081 549 4145 in
566 4079 683 4146 eadem
699 4080 869 4148 comoedia
892 4101 974 4147 uoce
990 4082 1195 4165 αορνοκόπος
1218 4078 1258 4146 fr.
1275 4081 1363 4147 1057
1375 4079 1413 4146 K.

133 4175 214 4242 dor
230 4177 274 4242 ΠΙ
296 4200 326 4264 p.
343 4178 408 4244 260
433 4200 514 4244 usus
538 4181 594 4262 sit3
618 4200 704 4266 quae
729 4179 919 4245 coniectura
949 4182 1126 4265 propterea
1152 4199 1313 4261 magnam
1334 4198 1413 4265 prae

134 4296 170 4340 se
193 4273 259 4341 fert
282 4276 353 4341 ueri
376 4278 519 4362 speciem
553 4275 641 4363 quod
670 4277 706 4342 in
732 4278 807 4363 ipsa
830 4276 947 4342 Colace
979 4297 1054 4342 cum
1086 4274 1126 4341 de
1158 4277 1316 4362 parasitis
1347 4276 1414 4359 egit

241 4473 259 4541 ¹)
279 4472 320 4526 De
338 4472 403 4526 lena
421 4490 479 4528 non
496 4489 579 4545 posse
598 4473 715 4542 cogitari
734 4488 768 4527 ex
786 4488 812 4528 u.
832 4471 869 4526 84
887 4473 916 4524 οὐ
934 4472 1083 4529 πιστευθεὶς
1101 4472 1228 4543 adparet.

240 4552 260 4622 ²)
279 4553 327 4624 qui
345 4553 538 4624 Antiphonem
557 4569 669 4627 quoque
688 4552 835 4624 exscripsit
854 4552 890 4608 cf.
909 4552 1010 4608 Euseb.
1028 4569 1124 4623 praep.
1143 4568 1187 4607 eu.
1205 4552 1234 4607 X
1249 4550 1327 4620 3,13.
