<?xml version="1.0" encoding="UTF-8"?>
<!DOCTYPE html PUBLIC "-//W3C//DTD XHTML 1.0 Transitional//EN"
    "http://www.w3.org/TR/xhtml1/DTD/xhtml1-transitional.dtd">
<html xmlns="http://www.w3.org/1999/xhtml" xml:lang="en" lang="en">
 <head>
  <title>
</title>
<meta http-equiv="Content-Type" content="text/html;charset=utf-8" />
  <meta name='ocr-system' content='tesseract 3.04.00' />
  <meta name='ocr-capabilities' content='ocr_page ocr_carea ocr_par ocr_line ocrx_word'/>
</head>
<body>
  <div class='ocr_page' id='page_1' title='image "./demenandrireliq01kretgoog_0056.png"; bbox 0 0 3098 4956; ppageno 0'>
   <div class='ocr_carea' id='block_1_1' title="bbox 164 258 1409 523">
    <p class='ocr_par' dir='ltr' id='par_1_1' title="bbox 164 258 1409 523">
     <span class='ocr_line' id='line_1_1' title="bbox 659 258 881 324; baseline 0 -18"><span class='ocrx_word' id='word_1_1' title='bbox 659 297 704 306; x_wconf 86' lang='grc'>-</span> <span class='ocrx_word' id='word_1_2' title='bbox 747 258 792 324; x_wconf 82' lang='grc'>49</span> <span class='ocrx_word' id='word_1_3' title='bbox 836 297 881 306; x_wconf 86' lang='grc'><strong>-</strong></span> 
     </span>
     <span class='ocr_line' id='line_1_2' title="bbox 164 432 1409 523; baseline 0.004 -25"><span class='ocrx_word' id='word_1_4' title='bbox 164 432 196 498; x_wconf 86' lang='lat' dir='ltr'>ci.</span> <span class='ocrx_word' id='word_1_5' title='bbox 212 433 346 502; x_wconf 89' lang='lat' dir='ltr'>Meineke</span> <span class='ocrx_word' id='word_1_6' title='bbox 369 435 455 502; x_wconf 91' lang='lat' dir='ltr'>Men.</span> <span class='ocrx_word' id='word_1_7' title='bbox 479 437 514 501; x_wconf 89' lang='lat' dir='ltr'>et</span> <span class='ocrx_word' id='word_1_8' title='bbox 537 435 621 500; x_wconf 86' lang='lat' dir='ltr'>Phil.</span> <span class='ocrx_word' id='word_1_9' title='bbox 645 434 712 502; x_wconf 91' lang='lat' dir='ltr'>rell.</span> <span class='ocrx_word' id='word_1_10' title='bbox 736 458 766 522; x_wconf 91' lang='lat' dir='ltr'><strong>p.</strong></span> <span class='ocrx_word' id='word_1_11' title='bbox 787 437 808 501; x_wconf 81' lang='lat'><strong>7</strong></span> <span class='ocrx_word' id='word_1_12' title='bbox 855 434 1125 502; x_wconf 73' lang='lat' dir='ltr'>Krihner-Gerth</span> <span class='ocrx_word' id='word_1_13' title='bbox 1148 436 1209 501; x_wconf 82' lang='lat'>112</span> <span class='ocrx_word' id='word_1_14' title='bbox 1237 459 1266 523; x_wconf 88' lang='lat' dir='ltr'>p.</span> <span class='ocrx_word' id='word_1_15' title='bbox 1291 437 1366 520; x_wconf 80' lang='lat'>330,</span> <span class='ocrx_word' id='word_1_16' title='bbox 1380 439 1409 503; x_wconf 91' lang='lat'><strong>1.</strong></span> 
     </span>
    </p>
   </div>
   <div class='ocr_carea' id='block_1_2' title="bbox 156 532 1410 1306">
    <p class='ocr_par' dir='ltr' id='par_1_2' title="bbox 156 532 1410 1206">
     <span class='ocr_line' id='line_1_3' title="bbox 163 532 1410 619; baseline 0.002 -22"><span class='ocrx_word' id='word_1_17' title='bbox 163 532 262 600; x_wconf 88' lang='lat' dir='ltr'>Deinde</span> <span class='ocrx_word' id='word_1_18' title='bbox 285 557 315 600; x_wconf 92' lang='lat' dir='ltr'>u.</span> <span class='ocrx_word' id='word_1_19' title='bbox 332 535 375 600; x_wconf 82' lang='lat'>65</span> <span class='ocrx_word' id='word_1_20' title='bbox 399 537 490 618; x_wconf 80' lang='grc' dir='ltr'><strong><em>ἄγων</em></strong></span> <span class='ocrx_word' id='word_1_21' title='bbox 514 537 603 599; x_wconf 91' lang='lat' dir='ltr'>stare</span> <span class='ocrx_word' id='word_1_22' title='bbox 635 554 696 600; x_wconf 91' lang='lat' dir='ltr'>suo</span> <span class='ocrx_word' id='word_1_23' title='bbox 720 533 792 600; x_wconf 85' lang='lat' dir='ltr'>loco</span> <span class='ocrx_word' id='word_1_24' title='bbox 816 534 990 617; x_wconf 78' lang='lat' dir='ltr'>intelleges</span> <span class='ocrx_word' id='word_1_25' title='bbox 1022 538 1212 619; x_wconf 90' lang='lat' dir='ltr'>comparato</span> <span class='ocrx_word' id='word_1_26' title='bbox 1237 535 1410 601; x_wconf 87' lang='lat' dir='ltr'>Menandri</span> 
     </span>
     <span class='ocr_line' id='line_1_4' title="bbox 162 626 1409 717; baseline 0.006 -25"><span class='ocrx_word' id='word_1_27' title='bbox 162 626 347 716; x_wconf 82' lang='lat' dir='ltr'><strong>h.405‚3K.</strong></span> <span class='ocrx_word' id='word_1_28' title='bbox 370 631 451 698; x_wconf 76' lang='lat' dir='ltr'>GAF</span> <span class='ocrx_word' id='word_1_29' title='bbox 466 631 510 697; x_wconf 92' lang='lat' dir='ltr'>Ill</span> <span class='ocrx_word' id='word_1_30' title='bbox 533 652 563 717; x_wconf 91' lang='lat' dir='ltr'>p.</span> <span class='ocrx_word' id='word_1_31' title='bbox 581 631 646 695; x_wconf 83' lang='lat'>118</span> <span class='ocrx_word' id='word_1_32' title='bbox 677 633 795 716; x_wconf 81' lang='grc' dir='ltr'><strong><em>σχολὴν</em></strong></span> <span class='ocrx_word' id='word_1_33' title='bbox 826 635 911 715; x_wconf 82' lang='grc' dir='ltr'><em>ἄγειν</em></span> <span class='ocrx_word' id='word_1_34' title='bbox 943 631 982 697; x_wconf 86' lang='lat' dir='ltr'>cf.</span> <span class='ocrx_word' id='word_1_35' title='bbox 1014 631 1134 698; x_wconf 79' lang='lat' dir='ltr'>Kaihel</span> <span class='ocrx_word' id='word_1_36' title='bbox 1167 631 1242 698; x_wconf 88' lang='lat' dir='ltr'>adn.</span> <span class='ocrx_word' id='word_1_37' title='bbox 1266 632 1309 698; x_wconf 85' lang='lat' dir='ltr'>ad</span> <span class='ocrx_word' id='word_1_38' title='bbox 1337 632 1369 697; x_wconf 89' lang='lat' dir='ltr'>h.</span> <span class='ocrx_word' id='word_1_39' title='bbox 1389 632 1409 699; x_wconf 91' lang='lat' dir='ltr'>l.</span> 
     </span>
     <span class='ocr_line' id='line_1_5' title="bbox 161 728 1410 816; baseline 0.003 -24"><span class='ocrx_word' id='word_1_40' title='bbox 161 745 184 810; x_wconf 89' lang='lat' dir='ltr'><strong>p.</strong></span> <span class='ocrx_word' id='word_1_41' title='bbox 196 729 254 796; x_wconf 76' lang='lat'><strong>150.</strong></span> <span class='ocrx_word' id='word_1_42' title='bbox 290 731 402 816; x_wconf 84' lang='lat' dir='ltr'>Atque</span> <span class='ocrx_word' id='word_1_43' title='bbox 426 728 470 795; x_wconf 90' lang='lat' dir='ltr'>ad</span> <span class='ocrx_word' id='word_1_44' title='bbox 494 731 636 813; x_wconf 79' lang='grc' dir='ltr'><strong><em>δικέλλης</em></strong></span> <span class='ocrx_word' id='word_1_45' title='bbox 659 729 888 795; x_wconf 87' lang='lat' dir='ltr'>adnotandum</span> <span class='ocrx_word' id='word_1_46' title='bbox 915 733 968 794; x_wconf 93' lang='lat' dir='ltr'>est</span> <span class='ocrx_word' id='word_1_47' title='bbox 987 731 1051 796; x_wconf 90' lang='lat' dir='ltr'>hac</span> <span class='ocrx_word' id='word_1_48' title='bbox 1074 730 1182 814; x_wconf 85' lang='lat' dir='ltr'>ligone</span> <span class='ocrx_word' id='word_1_49' title='bbox 1198 730 1410 816; x_wconf 88' lang='lat' dir='ltr'>potissimum</span> 
     </span>
     <span class='ocr_line' id='line_1_6' title="bbox 160 825 1408 914; baseline 0 -20"><span class='ocrx_word' id='word_1_50' title='bbox 160 825 293 906; x_wconf 71' lang='lat' dir='ltr'>agdcolas</span> <span class='ocrx_word' id='word_1_51' title='bbox 316 849 397 895; x_wconf 88' lang='lat' dir='ltr'>usos</span> <span class='ocrx_word' id='word_1_52' title='bbox 422 849 496 893; x_wconf 89' lang='lat' dir='ltr'>esse</span> <span class='ocrx_word' id='word_1_53' title='bbox 519 827 554 892; x_wconf 93' lang='lat' dir='ltr'>in</span> <span class='ocrx_word' id='word_1_54' title='bbox 578 826 725 892; x_wconf 78' lang='lat' dir='ltr'>arbustis</span> <span class='ocrx_word' id='word_1_55' title='bbox 749 825 912 893; x_wconf 87' lang='lat' dir='ltr'>fodiendis</span> <span class='ocrx_word' id='word_1_56' title='bbox 937 827 977 892; x_wconf 86' lang='lat' dir='ltr'>ci.</span> <span class='ocrx_word' id='word_1_57' title='bbox 994 826 1094 913; x_wconf 88' lang='lat' dir='ltr'>Geop.</span> <span class='ocrx_word' id='word_1_58' title='bbox 1111 827 1231 910; x_wconf 85' lang='lat' dir='ltr'>V25,4</span> <span class='ocrx_word' id='word_1_59' title='bbox 1261 850 1290 914; x_wconf 91' lang='lat' dir='ltr'>p.</span> <span class='ocrx_word' id='word_1_60' title='bbox 1304 828 1408 911; x_wconf 84' lang='lat'>149,1</span> 
     </span>
     <span class='ocr_line' id='line_1_7' title="bbox 159 917 1409 1011; baseline 0.004 -25"><span class='ocrx_word' id='word_1_61' title='bbox 159 917 246 991; x_wconf 82' lang='lat' dir='ltr'>Beclh</span> <span class='ocrx_word' id='word_1_62' title='bbox 275 928 366 998; x_wconf 84' lang='grc' dir='ltr'><strong><em>ὅπως</em></strong></span> <span class='ocrx_word' id='word_1_63' title='bbox 399 927 445 1010; x_wconf 84' lang='grc' dir='ltr'>μὴ</span> <span class='ocrx_word' id='word_1_64' title='bbox 477 928 667 997; x_wconf 77' lang='grc' dir='ltr'><strong><em>σκάπτοντες</em></strong></span> <span class='ocrx_word' id='word_1_65' title='bbox 699 933 747 1010; x_wconf 83' lang='grc' dir='ltr'>τῆι</span> <span class='ocrx_word' id='word_1_66' title='bbox 783 928 917 1009; x_wconf 87' lang='grc' dir='ltr'><em>δικέλληι</em></span> <span class='ocrx_word' id='word_1_67' title='bbox 951 926 987 990; x_wconf 85' lang='grc' dir='ltr'>τὸ</span> <span class='ocrx_word' id='word_1_68' title='bbox 1019 928 1161 1010; x_wconf 80' lang='grc' dir='ltr'><em>στέλεχος</em></span> <span class='ocrx_word' id='word_1_69' title='bbox 1190 929 1409 1011; x_wconf 82' lang='grc' dir='ltr'><strong><em>τρώσαντεςῆ</em></strong></span> 
     </span>
     <span class='ocr_line' id='line_1_8' title="bbox 158 1021 1410 1109; baseline 0.001 -21"><span class='ocrx_word' id='word_1_70' title='bbox 158 1022 277 1097; x_wconf 70' lang='grc' dir='ltr'><strong><em>νύξαντες</em></strong></span> <span class='ocrx_word' id='word_1_71' title='bbox 299 1026 468 1109; x_wconf 82' lang='grc' dir='ltr'>βλάψωσιν</span> <span class='ocrx_word' id='word_1_72' title='bbox 493 1029 527 1088; x_wconf 85' lang='lat' dir='ltr'>et</span> <span class='ocrx_word' id='word_1_73' title='bbox 547 1022 588 1088; x_wconf 86' lang='lat' dir='ltr'>ib.</span> <span class='ocrx_word' id='word_1_74' title='bbox 606 1024 649 1088; x_wconf 86' lang='lat'>42</span> <span class='ocrx_word' id='word_1_75' title='bbox 672 1045 701 1109; x_wconf 91' lang='lat' dir='ltr'><strong>p.</strong></span> <span class='ocrx_word' id='word_1_76' title='bbox 721 1022 847 1107; x_wconf 81' lang='lat'>160,10</span> <span class='ocrx_word' id='word_1_77' title='bbox 870 1021 983 1088; x_wconf 87' lang='lat' dir='ltr'>Beckh</span> <span class='ocrx_word' id='word_1_78' title='bbox 1006 1025 1078 1105; x_wconf 79' lang='grc' dir='ltr'><strong><em>περὶ</em></strong></span> <span class='ocrx_word' id='word_1_79' title='bbox 1100 1030 1165 1088; x_wconf 85' lang='grc' dir='ltr'>τῶν</span> <span class='ocrx_word' id='word_1_80' title='bbox 1187 1026 1250 1088; x_wconf 80' lang='grc' dir='ltr'>ὑπὸ</span> <span class='ocrx_word' id='word_1_81' title='bbox 1268 1026 1410 1108; x_wconf 77' lang='grc' dir='ltr'><em>δικέλλης</em></span> 
     </span>
     <span class='ocr_line' id='line_1_9' title="bbox 156 1122 608 1206; baseline 0.007 -22"><span class='ocrx_word' id='word_1_82' title='bbox 156 1124 423 1206; x_wconf 75' lang='grc' dir='ltr'><strong><em>ιραοματισδεισῶν</em></strong></span> <span class='ocrx_word' id='word_1_83' title='bbox 446 1122 608 1205; x_wconf 82' lang='grc' dir='ltr'>ἀμπέλων.</span> 
     </span>
    </p>

    <p class='ocr_par' dir='ltr' id='par_1_3' title="bbox 238 1218 1410 1306">
     <span class='ocr_line' id='line_1_10' title="bbox 238 1218 1410 1306; baseline -0.001 -21"><span class='ocrx_word' id='word_1_84' title='bbox 238 1221 323 1286; x_wconf 83' lang='lat' dir='ltr'>Tum</span> <span class='ocrx_word' id='word_1_85' title='bbox 353 1240 489 1285; x_wconf 90' lang='lat' dir='ltr'>uersum</span> <span class='ocrx_word' id='word_1_86' title='bbox 512 1218 555 1284; x_wconf 92' lang='grc'>66</span> <span class='ocrx_word' id='word_1_87' title='bbox 586 1218 683 1285; x_wconf 90' lang='lat' dir='ltr'>nobis</span> <span class='ocrx_word' id='word_1_88' title='bbox 713 1219 940 1303; x_wconf 83' lang='lat' dir='ltr'>persuasimus</span> <span class='ocrx_word' id='word_1_89' title='bbox 971 1240 1045 1284; x_wconf 90' lang='lat' dir='ltr'>esse</span> <span class='ocrx_word' id='word_1_90' title='bbox 1068 1219 1284 1304; x_wconf 82' lang='lat' dir='ltr'>parenthesin</span> <span class='ocrx_word' id='word_1_91' title='bbox 1309 1240 1410 1306; x_wconf 89' lang='lat' dir='ltr'>quam</span> 
     </span>
    </p>
   </div>
   <div class='ocr_carea' id='block_1_3' title="bbox 151 1316 1542 1403">
    <p class='ocr_par' dir='ltr' id='par_1_4' title="bbox 151 1316 1542 1403">
     <span class='ocr_line' id='line_1_11' title="bbox 151 1316 1542 1403; baseline 0.004 -25"><span class='ocrx_word' id='word_1_92' title='bbox 151 1321 265 1402; x_wconf 85' lang='lat' dir='ltr'>uocant,</span> <span class='ocrx_word' id='word_1_93' title='bbox 297 1338 365 1403; x_wconf 89' lang='lat' dir='ltr'>qua</span> <span class='ocrx_word' id='word_1_94' title='bbox 387 1316 580 1403; x_wconf 79' lang='lat' dir='ltr'>parenthesi</span> <span class='ocrx_word' id='word_1_95' title='bbox 608 1316 742 1382; x_wconf 90' lang='lat' dir='ltr'>uberius</span> <span class='ocrx_word' id='word_1_96' title='bbox 767 1318 954 1401; x_wconf 78' lang='grc' dir='ltr'><strong><em>ἀπαλλαγεὶς</em></strong></span> <span class='ocrx_word' id='word_1_97' title='bbox 977 1319 1118 1401; x_wconf 81' lang='grc' dir='ltr'><em>δικέλλης</em></span> <span class='ocrx_word' id='word_1_98' title='bbox 1140 1320 1194 1381; x_wconf 81' lang='grc' dir='ltr'>καὶ</span> <span class='ocrx_word' id='word_1_99' title='bbox 1216 1325 1328 1383; x_wconf 83' lang='grc' dir='ltr'><strong><em>κακῶν</em></strong></span> <span class='ocrx_word' id='word_1_100' title='bbox 1351 1338 1409 1383; x_wconf 89' lang='lat' dir='ltr'>ex·</span> <span class='ocrx_word' id='word_1_101' title='bbox 1541 1319 1542 1323; x_wconf 71' lang='grc'>’</span> 
     </span>
    </p>
   </div>
   <div class='ocr_carea' id='block_1_4' title="bbox 132 1413 1414 4418">
    <p class='ocr_par' dir='ltr' id='par_1_5' title="bbox 132 1413 1414 3558">
     <span class='ocr_line' id='line_1_12' title="bbox 147 1413 1409 1500; baseline 0 -20"><span class='ocrx_word' id='word_1_102' title='bbox 147 1413 284 1500; x_wconf 82' lang='lat' dir='ltr'>plicetcr3</span> <span class='ocrx_word' id='word_1_103' title='bbox 318 1435 380 1480; x_wconf 92' lang='lat' dir='ltr'>nec</span> <span class='ocrx_word' id='word_1_104' title='bbox 411 1436 491 1481; x_wconf 91' lang='lat' dir='ltr'>uero</span> <span class='ocrx_word' id='word_1_105' title='bbox 523 1434 598 1480; x_wconf 89' lang='lat' dir='ltr'>oum</span> <span class='ocrx_word' id='word_1_106' title='bbox 625 1414 831 1480; x_wconf 84' lang='lat' dir='ltr'>Dziatzkone</span> <span class='ocrx_word' id='word_1_107' title='bbox 863 1415 919 1500; x_wconf 92' lang='lat' dir='ltr'>qui</span> <span class='ocrx_word' id='word_1_108' title='bbox 951 1414 1092 1481; x_wconf 90' lang='lat' dir='ltr'>adnotat</span> <span class='ocrx_word' id='word_1_109' title='bbox 1116 1415 1193 1480; x_wconf 80' lang='lat' dir='ltr'>‘Der</span> <span class='ocrx_word' id='word_1_110' title='bbox 1215 1414 1300 1480; x_wconf 89' lang='lat' dir='ltr'>Vers</span> <span class='ocrx_word' id='word_1_111' title='bbox 1331 1414 1409 1481; x_wconf 88' lang='lat' dir='ltr'>mull</span> 
     </span>
     <span class='ocr_line' id='line_1_13' title="bbox 143 1510 1411 1581; baseline 0.001 -3"><span class='ocrx_word' id='word_1_112' title='bbox 143 1532 175 1579; x_wconf 90' lang='lat' dir='ltr'>n.</span> <span class='ocrx_word' id='word_1_113' title='bbox 189 1514 224 1581; x_wconf 76' lang='lat' dir='ltr'>a.</span> <span class='ocrx_word' id='word_1_114' title='bbox 248 1514 327 1579; x_wconf 90' lang='lat' dir='ltr'>eher</span> <span class='ocrx_word' id='word_1_115' title='bbox 350 1511 415 1578; x_wconf 93' lang='lat' dir='ltr'>den</span> <span class='ocrx_word' id='word_1_116' title='bbox 430 1511 576 1579; x_wconf 91' lang='lat' dir='ltr'>Wandel</span> <span class='ocrx_word' id='word_1_117' title='bbox 598 1512 643 1578; x_wconf 93' lang='lat' dir='ltr'>im</span> <span class='ocrx_word' id='word_1_118' title='bbox 659 1510 784 1578; x_wconf 90' lang='lat' dir='ltr'>Wesen</span> <span class='ocrx_word' id='word_1_119' title='bbox 806 1513 864 1578; x_wconf 89' lang='lat' dir='ltr'>des</span> <span class='ocrx_word' id='word_1_120' title='bbox 880 1513 982 1578; x_wconf 85' lang='lat' dir='ltr'>Alton</span> <span class='ocrx_word' id='word_1_121' title='bbox 1006 1513 1186 1579; x_wconf 87' lang='lat' dir='ltr'>bedeuten’</span> <span class='ocrx_word' id='word_1_122' title='bbox 1213 1517 1248 1579; x_wconf 88' lang='lat' dir='ltr'>et</span> <span class='ocrx_word' id='word_1_123' title='bbox 1271 1514 1411 1580; x_wconf 89' lang='lat' dir='ltr'>coniecit</span> 
     </span>
     <span class='ocr_line' id='line_1_14' title="bbox 140 1608 1410 1700; baseline 0 -23"><span class='ocrx_word' id='word_1_124' title='bbox 140 1608 182 1700; x_wconf 79' lang='lat' dir='ltr'>[od</span> <span class='ocrx_word' id='word_1_125' title='bbox 195 1608 379 1700; x_wconf 79' lang='grc' dir='ltr'>παν]τί&lt;η’&gt;</span> <span class='ocrx_word' id='word_1_126' title='bbox 395 1613 456 1676; x_wconf 80' lang='grc' dir='ltr'><strong><em>ἐστι</em></strong></span> <span class='ocrx_word' id='word_1_127' title='bbox 472 1631 499 1675; x_wconf 92' lang='lat' dir='ltr'>e.</span> <span class='ocrx_word' id='word_1_128' title='bbox 509 1632 537 1696; x_wconf 92' lang='lat' dir='ltr'>q.</span> <span class='ocrx_word' id='word_1_129' title='bbox 547 1631 571 1675; x_wconf 94' lang='lat' dir='ltr'>s.</span> <span class='ocrx_word' id='word_1_130' title='bbox 588 1609 655 1676; x_wconf 91' lang='lat' dir='ltr'>ullo</span> <span class='ocrx_word' id='word_1_131' title='bbox 668 1609 767 1676; x_wconf 91' lang='lat' dir='ltr'>modo</span> <span class='ocrx_word' id='word_1_132' title='bbox 779 1631 959 1696; x_wconf 91' lang='lat' dir='ltr'>possumus</span> <span class='ocrx_word' id='word_1_133' title='bbox 976 1611 1173 1694; x_wconf 87' lang='lat' dir='ltr'>consentire,</span> <span class='ocrx_word' id='word_1_134' title='bbox 1187 1612 1267 1697; x_wconf 91' lang='lat' dir='ltr'>quia</span> <span class='ocrx_word' id='word_1_135' title='bbox 1280 1610 1410 1677; x_wconf 91' lang='lat' dir='ltr'>nullum</span> 
     </span>
     <span class='ocr_line' id='line_1_15' title="bbox 139 1707 1411 1797; baseline 0 -21"><span class='ocrx_word' id='word_1_136' title='bbox 139 1731 196 1797; x_wconf 90' lang='lat' dir='ltr'>quo</span> <span class='ocrx_word' id='word_1_137' title='bbox 220 1709 305 1775; x_wconf 86' lang='lat' dir='ltr'>haec</span> <span class='ocrx_word' id='word_1_138' title='bbox 329 1707 544 1775; x_wconf 78' lang='lat' dir='ltr'>confirmetur</span> <span class='ocrx_word' id='word_1_139' title='bbox 568 1708 678 1793; x_wconf 90' lang='lat' dir='ltr'>opinio</span> <span class='ocrx_word' id='word_1_140' title='bbox 702 1711 814 1793; x_wconf 87' lang='lat' dir='ltr'>potest</span> <span class='ocrx_word' id='word_1_141' title='bbox 837 1707 975 1795; x_wconf 86' lang='lat' dir='ltr'>proferri</span> <span class='ocrx_word' id='word_1_142' title='bbox 998 1708 1195 1794; x_wconf 89' lang='lat' dir='ltr'>exemplum.</span> <span class='ocrx_word' id='word_1_143' title='bbox 1219 1711 1265 1775; x_wconf 89' lang='lat' dir='ltr'>At</span> <span class='ocrx_word' id='word_1_144' title='bbox 1288 1730 1411 1797; x_wconf 87' lang='lat' dir='ltr'>suppe-</span> 
     </span>
     <span class='ocr_line' id='line_1_16' title="bbox 136 1805 1411 1893; baseline -0.002 -18"><span class='ocrx_word' id='word_1_145' title='bbox 136 1811 210 1875; x_wconf 90' lang='lat' dir='ltr'>tunt</span> <span class='ocrx_word' id='word_1_146' title='bbox 224 1806 421 1874; x_wconf 88' lang='lat' dir='ltr'>testimonia</span> <span class='ocrx_word' id='word_1_147' title='bbox 437 1828 455 1872; x_wconf 95' lang='lat' dir='ltr'>e</span> <span class='ocrx_word' id='word_1_148' title='bbox 472 1805 593 1891; x_wconf 92' lang='lat' dir='ltr'>quibus</span> <span class='ocrx_word' id='word_1_149' title='bbox 609 1808 694 1871; x_wconf 82' lang='grc' dir='ltr'><strong><em>οὕτω</em></strong></span> <span class='ocrx_word' id='word_1_150' title='bbox 710 1832 754 1877; x_wconf 87' lang='grc' dir='ltr'><strong><em>τις</em></strong></span> <span class='ocrx_word' id='word_1_151' title='bbox 769 1828 848 1872; x_wconf 92' lang='lat' dir='ltr'>uere</span> <span class='ocrx_word' id='word_1_152' title='bbox 872 1828 947 1874; x_wconf 89' lang='lat' dir='ltr'>esse</span> <span class='ocrx_word' id='word_1_153' title='bbox 971 1805 1161 1893; x_wconf 90' lang='lat' dir='ltr'>suppletum</span> <span class='ocrx_word' id='word_1_154' title='bbox 1185 1828 1367 1890; x_wconf 84' lang='lat' dir='ltr'>cognoscas</span> <span class='ocrx_word' id='word_1_155' title='bbox 1374 1810 1411 1888; x_wconf 76' lang='lat' dir='ltr'>¹l:</span> 
     </span>
     <span class='ocr_line' id='line_1_17' title="bbox 135 1903 1411 1990; baseline -0.002 -18"><span class='ocrx_word' id='word_1_156' title='bbox 135 1905 217 1974; x_wconf 85' lang='lat' dir='ltr'>Men.</span> <span class='ocrx_word' id='word_1_157' title='bbox 229 1905 268 1972; x_wconf 87' lang='lat' dir='ltr'>fr.</span> <span class='ocrx_word' id='word_1_158' title='bbox 277 1904 388 1972; x_wconf 79' lang='lat' dir='ltr'><strong>287K.</strong></span> <span class='ocrx_word' id='word_1_159' title='bbox 401 1905 483 1973; x_wconf 82' lang='lat' dir='ltr'>CAF</span> <span class='ocrx_word' id='word_1_160' title='bbox 494 1904 538 1969; x_wconf 89' lang='lat' dir='ltr'>Ill</span> <span class='ocrx_word' id='word_1_161' title='bbox 553 1927 582 1990; x_wconf 92' lang='lat' dir='ltr'><strong>p.</strong></span> <span class='ocrx_word' id='word_1_162' title='bbox 596 1903 636 1971; x_wconf 84' lang='lat'>81</span> <span class='ocrx_word' id='word_1_163' title='bbox 656 1907 741 1969; x_wconf 80' lang='grc' dir='ltr'><strong><em>οὕτω</em></strong></span> <span class='ocrx_word' id='word_1_164' title='bbox 750 1931 778 1968; x_wconf 86' lang='grc' dir='ltr'>τι</span> <span class='ocrx_word' id='word_1_165' title='bbox 792 1909 913 1988; x_wconf 78' lang='grc' dir='ltr'><strong><em>πρᾶγμ’</em></strong></span> <span class='ocrx_word' id='word_1_166' title='bbox 927 1908 987 1970; x_wconf 76' lang='grc' dir='ltr'><strong><em>ἔστ’</em></strong></span> <span class='ocrx_word' id='word_1_167' title='bbox 1001 1907 1151 1970; x_wconf 77' lang='grc' dir='ltr'><strong><em>ἐπίπονον</em></strong></span> <span class='ocrx_word' id='word_1_168' title='bbox 1166 1907 1201 1969; x_wconf 89' lang='grc' dir='ltr'>τὸ</span> <span class='ocrx_word' id='word_1_169' title='bbox 1216 1908 1411 1989; x_wconf 82' lang='grc' dir='ltr'><strong><em>προσδοκᾶν.</em></strong></span> 
     </span>
     <span class='ocr_line' id='line_1_18' title="bbox 133 2001 1410 2088; baseline -0.003 -17"><span class='ocrx_word' id='word_1_170' title='bbox 133 2004 238 2071; x_wconf 86' lang='lat' dir='ltr'>Posid.</span> <span class='ocrx_word' id='word_1_171' title='bbox 255 2002 293 2069; x_wconf 80' lang='lat' dir='ltr'>fr.</span> <span class='ocrx_word' id='word_1_172' title='bbox 311 2002 401 2069; x_wconf 85' lang='lat' dir='ltr'><strong>19K.</strong></span> <span class='ocrx_word' id='word_1_173' title='bbox 423 2001 505 2068; x_wconf 80' lang='lat' dir='ltr'>OA&#39;F</span> <span class='ocrx_word' id='word_1_174' title='bbox 522 2002 565 2067; x_wconf 94' lang='lat' dir='ltr'>lll</span> <span class='ocrx_word' id='word_1_175' title='bbox 588 2025 617 2088; x_wconf 93' lang='lat' dir='ltr'>p.</span> <span class='ocrx_word' id='word_1_176' title='bbox 634 2002 696 2067; x_wconf 81' lang='grc'><strong>341</strong></span> <span class='ocrx_word' id='word_1_177' title='bbox 724 2006 809 2067; x_wconf 84' lang='grc' dir='ltr'><strong><em>οὕτω</em></strong></span> <span class='ocrx_word' id='word_1_178' title='bbox 828 2029 857 2067; x_wconf 92' lang='grc' dir='ltr'>τι</span> <span class='ocrx_word' id='word_1_179' title='bbox 878 2005 1044 2068; x_wconf 84' lang='grc' dir='ltr'><strong><em>πολύπουν</em></strong></span> <span class='ocrx_word' id='word_1_180' title='bbox 1059 2005 1139 2069; x_wconf 78' lang='grc' dir='ltr'><strong><em>ἐστὶν</em></strong></span> <span class='ocrx_word' id='word_1_181' title='bbox 1154 2005 1174 2087; x_wconf 82' lang='grc' dir='ltr'><em>ἡ</em></span> <span class='ocrx_word' id='word_1_182' title='bbox 1190 2005 1274 2087; x_wconf 82' lang='grc' dir='ltr'>λύπη</span> <span class='ocrx_word' id='word_1_183' title='bbox 1298 2005 1410 2068; x_wconf 85' lang='grc' dir='ltr'><strong><em>κακόν.</em></strong></span> 
     </span>
     <span class='ocr_line' id='line_1_19' title="bbox 134 2099 1411 2185; baseline -0.003 -16"><span class='ocrx_word' id='word_1_184' title='bbox 134 2103 246 2169; x_wconf 82' lang='lat' dir='ltr'>Alexis</span> <span class='ocrx_word' id='word_1_185' title='bbox 269 2099 308 2166; x_wconf 81' lang='lat' dir='ltr'>fr.</span> <span class='ocrx_word' id='word_1_186' title='bbox 324 2101 428 2183; x_wconf 81' lang='lat'>210,3</span> <span class='ocrx_word' id='word_1_187' title='bbox 441 2100 480 2165; x_wconf 91' lang='lat' dir='ltr'>K.</span> <span class='ocrx_word' id='word_1_188' title='bbox 505 2100 586 2166; x_wconf 80' lang='lat' dir='ltr'>OAF</span> <span class='ocrx_word' id='word_1_189' title='bbox 602 2101 631 2165; x_wconf 83' lang='lat' dir='ltr'>ll</span> <span class='ocrx_word' id='word_1_190' title='bbox 647 2101 713 2168; x_wconf 81' lang='grc'>374</span> <span class='ocrx_word' id='word_1_191' title='bbox 736 2103 821 2165; x_wconf 84' lang='grc' dir='ltr'><strong><em>οὕτω</em></strong></span> <span class='ocrx_word' id='word_1_192' title='bbox 839 2127 866 2165; x_wconf 86' lang='grc' dir='ltr'>τι</span> <span class='ocrx_word' id='word_1_193' title='bbox 887 2103 1042 2185; x_wconf 82' lang='grc' dir='ltr'><em>τάλλότρι’</em></span> <span class='ocrx_word' id='word_1_194' title='bbox 1061 2103 1176 2166; x_wconf 70' lang='grc' dir='ltr'><strong><em>ε’σιλίειν</em></strong></span> <span class='ocrx_word' id='word_1_195' title='bbox 1200 2103 1279 2166; x_wconf 75' lang='grc' dir='ltr'><strong><em>ἐστὶν</em></strong></span> <span class='ocrx_word' id='word_1_196' title='bbox 1302 2102 1411 2185; x_wconf 75' lang='grc' dir='ltr'><em>γλυκύ.</em></span> 
     </span>
     <span class='ocr_line' id='line_1_20' title="bbox 132 2198 1411 2284; baseline -0.002 -17"><span class='ocrx_word' id='word_1_197' title='bbox 132 2202 201 2267; x_wconf 86' lang='lat' dir='ltr'>lam</span> <span class='ocrx_word' id='word_1_198' title='bbox 225 2199 267 2264; x_wconf 90' lang='lat' dir='ltr'>de</span> <span class='ocrx_word' id='word_1_199' title='bbox 298 2200 443 2265; x_wconf 89' lang='lat' dir='ltr'>exeunte</span> <span class='ocrx_word' id='word_1_200' title='bbox 467 2220 498 2264; x_wconf 92' lang='lat' dir='ltr'>u.</span> <span class='ocrx_word' id='word_1_201' title='bbox 514 2198 557 2266; x_wconf 83' lang='lat'>67</span> <span class='ocrx_word' id='word_1_202' title='bbox 581 2203 616 2264; x_wconf 87' lang='lat' dir='ltr'>et</span> <span class='ocrx_word' id='word_1_203' title='bbox 639 2198 682 2263; x_wconf 87' lang='grc'>68</span> <span class='ocrx_word' id='word_1_204' title='bbox 704 2199 844 2264; x_wconf 88' lang='lat' dir='ltr'>ineunte</span> <span class='ocrx_word' id='word_1_205' title='bbox 868 2200 1047 2284; x_wconf 90' lang='lat' dir='ltr'>quaeritur.</span> <span class='ocrx_word' id='word_1_206' title='bbox 1092 2199 1208 2284; x_wconf 93' lang='lat' dir='ltr'>Neque</span> <span class='ocrx_word' id='word_1_207' title='bbox 1231 2203 1297 2264; x_wconf 83' lang='grc' dir='ltr'><strong><em>τίνα</em></strong></span> <span class='ocrx_word' id='word_1_208' title='bbox 1322 2221 1353 2265; x_wconf 92' lang='lat' dir='ltr'>u.</span> <span class='ocrx_word' id='word_1_209' title='bbox 1369 2199 1411 2264; x_wconf 83' lang='grc'>67</span> 
     </span>
     <span class='ocr_line' id='line_1_21' title="bbox 133 2295 1412 2386; baseline -0.002 -22"><span class='ocrx_word' id='word_1_210' title='bbox 133 2297 322 2386; x_wconf 85' lang='lat' dir='ltr'>Myrrhinae</span> <span class='ocrx_word' id='word_1_211' title='bbox 354 2295 502 2362; x_wconf 91' lang='lat' dir='ltr'>dandum</span> <span class='ocrx_word' id='word_1_212' title='bbox 535 2318 608 2362; x_wconf 93' lang='lat' dir='ltr'>esse</span> <span class='ocrx_word' id='word_1_213' title='bbox 640 2295 842 2380; x_wconf 78' lang='lat' dir='ltr'>crediderim,</span> <span class='ocrx_word' id='word_1_214' title='bbox 878 2297 958 2382; x_wconf 91' lang='lat' dir='ltr'>quia</span> <span class='ocrx_word' id='word_1_215' title='bbox 992 2298 1132 2380; x_wconf 75' lang='lat' dir='ltr'>signum,</span> <span class='ocrx_word' id='word_1_216' title='bbox 1170 2319 1234 2383; x_wconf 94' lang='lat' dir='ltr'>quo</span> <span class='ocrx_word' id='word_1_217' title='bbox 1271 2297 1412 2363; x_wconf 90' lang='lat' dir='ltr'>alteram</span> 
     </span>
     <span class='ocr_line' id='line_1_22' title="bbox 134 2394 1412 2484; baseline -0.002 -21"><span class='ocrx_word' id='word_1_218' title='bbox 134 2416 311 2484; x_wconf 89' lang='lat' dir='ltr'>personam</span> <span class='ocrx_word' id='word_1_219' title='bbox 331 2394 423 2480; x_wconf 91' lang='lat' dir='ltr'>loqui</span> <span class='ocrx_word' id='word_1_220' title='bbox 437 2397 622 2479; x_wconf 88' lang='lat' dir='ltr'>notaretur,</span> <span class='ocrx_word' id='word_1_221' title='bbox 646 2415 715 2460; x_wconf 92' lang='lat' dir='ltr'>non</span> <span class='ocrx_word' id='word_1_222' title='bbox 731 2415 789 2480; x_wconf 92' lang='lat' dir='ltr'>pro</span> <span class='ocrx_word' id='word_1_223' title='bbox 814 2398 904 2460; x_wconf 86' lang='lat' dir='ltr'>certo</span> <span class='ocrx_word' id='word_1_224' title='bbox 929 2398 1159 2477; x_wconf 81' lang='lat' dir='ltr'>cognouerunt</span> <span class='ocrx_word' id='word_1_225' title='bbox 1174 2394 1327 2460; x_wconf 82' lang='lat' dir='ltr'>Britanni</span> <span class='ocrx_word' id='word_1_226' title='bbox 1350 2414 1412 2460; x_wconf 86' lang='lat' dir='ltr'>nec</span> 
     </span>
     <span class='ocr_line' id='line_1_23' title="bbox 134 2492 1412 2578; baseline -0.002 -19"><span class='ocrx_word' id='word_1_227' title='bbox 134 2495 161 2559; x_wconf 89' lang='lat' dir='ltr'>si</span> <span class='ocrx_word' id='word_1_228' title='bbox 182 2493 315 2560; x_wconf 92' lang='lat' dir='ltr'>illorum</span> <span class='ocrx_word' id='word_1_229' title='bbox 338 2492 543 2558; x_wconf 85' lang='lat' dir='ltr'>sententiam</span> <span class='ocrx_word' id='word_1_230' title='bbox 558 2512 774 2577; x_wconf 89' lang='lat' dir='ltr'>sequeremur</span> <span class='ocrx_word' id='word_1_231' title='bbox 794 2492 865 2558; x_wconf 92' lang='lat' dir='ltr'>eius</span> <span class='ocrx_word' id='word_1_232' title='bbox 882 2493 938 2577; x_wconf 93' lang='lat' dir='ltr'>qui</span> <span class='ocrx_word' id='word_1_233' title='bbox 962 2492 1112 2577; x_wconf 91' lang='lat' dir='ltr'>sequitur</span> <span class='ocrx_word' id='word_1_234' title='bbox 1134 2513 1253 2557; x_wconf 88' lang='lat' dir='ltr'>uersus</span> <span class='ocrx_word' id='word_1_235' title='bbox 1277 2493 1412 2578; x_wconf 89' lang='lat' dir='ltr'>supple-</span> 
     </span>
     <span class='ocr_line' id='line_1_24' title="bbox 133 2589 1412 2677; baseline -0.001 -20"><span class='ocrx_word' id='word_1_236' title='bbox 133 2595 285 2658; x_wconf 87' lang='lat' dir='ltr'>mentum</span> <span class='ocrx_word' id='word_1_237' title='bbox 307 2590 505 2677; x_wconf 90' lang='lat' dir='ltr'>reperiretur</span> <span class='ocrx_word' id='word_1_238' title='bbox 528 2589 612 2656; x_wconf 90' lang='lat' dir='ltr'>satis</span> <span class='ocrx_word' id='word_1_239' title='bbox 634 2590 802 2655; x_wconf 91' lang='lat' dir='ltr'>idoneum.</span> <span class='ocrx_word' id='word_1_240' title='bbox 848 2591 964 2676; x_wconf 91' lang='lat' dir='ltr'>Neque</span> <span class='ocrx_word' id='word_1_241' title='bbox 988 2591 1076 2655; x_wconf 90' lang='lat' dir='ltr'>enim</span> <span class='ocrx_word' id='word_1_242' title='bbox 1100 2610 1182 2656; x_wconf 92' lang='lat' dir='ltr'>uoce</span> <span class='ocrx_word' id='word_1_243' title='bbox 1206 2593 1276 2654; x_wconf 80' lang='grc' dir='ltr'><strong><em>οὔτ’</em></strong></span> <span class='ocrx_word' id='word_1_244' title='bbox 1302 2610 1412 2676; x_wconf 88' lang='lat' dir='ltr'>neque</span> 
     </span>
     <span class='ocr_line' id='line_1_25' title="bbox 133 2689 1410 2776; baseline -0.002 -21"><span class='ocrx_word' id='word_1_245' title='bbox 133 2693 215 2755; x_wconf 82' lang='grc' dir='ltr'><strong><em>ταῦτ’</em></strong></span> <span class='ocrx_word' id='word_1_246' title='bbox 232 2689 344 2776; x_wconf 87' lang='lat' dir='ltr'>posita</span> <span class='ocrx_word' id='word_1_247' title='bbox 358 2692 435 2775; x_wconf 88' lang='lat' dir='ltr'>post</span> <span class='ocrx_word' id='word_1_248' title='bbox 457 2691 628 2773; x_wconf 82' lang='grc' dir='ltr'><strong><em>πράγματα</em></strong></span> <span class='ocrx_word' id='word_1_249' title='bbox 653 2709 736 2774; x_wconf 88' lang='lat' dir='ltr'>opus</span> <span class='ocrx_word' id='word_1_250' title='bbox 761 2690 823 2771; x_wconf 88' lang='lat' dir='ltr'>est,</span> <span class='ocrx_word' id='word_1_251' title='bbox 848 2709 909 2753; x_wconf 91' lang='lat' dir='ltr'>nec</span> <span class='ocrx_word' id='word_1_252' title='bbox 931 2691 1003 2773; x_wconf 86' lang='grc' dir='ltr'><strong><em>τάχ’</em></strong></span> <span class='ocrx_word' id='word_1_253' title='bbox 1022 2693 1061 2753; x_wconf 85' lang='grc' dir='ltr'>ἂν</span> <span class='ocrx_word' id='word_1_254' title='bbox 1083 2689 1180 2753; x_wconf 84' lang='lat' dir='ltr'>iuxta</span> <span class='ocrx_word' id='word_1_255' title='bbox 1203 2692 1281 2760; x_wconf 85' lang='grc' dir='ltr'><em>ἴσως</em></span> <span class='ocrx_word' id='word_1_256' title='bbox 1295 2689 1410 2774; x_wconf 89' lang='lat' dir='ltr'>potest</span> 
     </span>
     <span class='ocr_line' id='line_1_26' title="bbox 133 2785 1413 2872; baseline -0.002 -18"><span class='ocrx_word' id='word_1_257' title='bbox 133 2788 211 2854; x_wconf 85' lang='lat' dir='ltr'>ferri</span> <span class='ocrx_word' id='word_1_258' title='bbox 234 2789 270 2853; x_wconf 91' lang='lat' dir='ltr'>et</span> <span class='ocrx_word' id='word_1_259' title='bbox 290 2787 328 2851; x_wconf 85' lang='grc' dir='ltr'>ιδ</span> <span class='ocrx_word' id='word_1_260' title='bbox 350 2788 411 2870; x_wconf 75' lang='grc' dir='ltr'>μὲν</span> <span class='ocrx_word' id='word_1_261' title='bbox 433 2794 514 2851; x_wconf 90' lang='lat' dir='ltr'>ante</span> <span class='ocrx_word' id='word_1_262' title='bbox 538 2788 610 2869; x_wconf 80' lang='grc' dir='ltr'><strong><em>οὐχὶ</em></strong></span> <span class='ocrx_word' id='word_1_263' title='bbox 632 2789 828 2851; x_wconf 84' lang='grc' dir='ltr'><strong><em>παντάπασιν</em></strong></span> <span class='ocrx_word' id='word_1_264' title='bbox 852 2785 1042 2872; x_wconf 88' lang='lat' dir='ltr'>suppletum</span> <span class='ocrx_word' id='word_1_265' title='bbox 1059 2807 1303 2872; x_wconf 88' lang='lat' dir='ltr'>superuacuum</span> <span class='ocrx_word' id='word_1_266' title='bbox 1319 2785 1413 2851; x_wconf 91' lang='lat' dir='ltr'>uide-</span> 
     </span>
     <span class='ocr_line' id='line_1_27' title="bbox 133 2883 1413 2970; baseline -0.003 -18"><span class='ocrx_word' id='word_1_267' title='bbox 133 2890 195 2952; x_wconf 91' lang='lat' dir='ltr'>tur.</span> <span class='ocrx_word' id='word_1_268' title='bbox 243 2884 364 2949; x_wconf 83' lang='lat' dir='ltr'>Restat</span> <span class='ocrx_word' id='word_1_269' title='bbox 387 2883 519 2966; x_wconf 83' lang='lat' dir='ltr'>Georgii</span> <span class='ocrx_word' id='word_1_270' title='bbox 541 2883 661 2949; x_wconf 87' lang='lat' dir='ltr'>Kaihel</span> <span class='ocrx_word' id='word_1_271' title='bbox 685 2885 955 2970; x_wconf 89' lang='lat' dir='ltr'>supplementum</span> <span class='ocrx_word' id='word_1_272' title='bbox 979 2884 1019 2950; x_wconf 94' lang='lat' dir='ltr'>de</span> <span class='ocrx_word' id='word_1_273' title='bbox 1044 2906 1109 2970; x_wconf 92' lang='lat' dir='ltr'>quo</span> <span class='ocrx_word' id='word_1_274' title='bbox 1133 2885 1204 2969; x_wconf 90' lang='lat' dir='ltr'>ipse</span> <span class='ocrx_word' id='word_1_275' title='bbox 1234 2884 1325 2950; x_wconf 87' lang='lat' dir='ltr'>dicit:</span> <span class='ocrx_word' id='word_1_276' title='bbox 1349 2883 1413 2948; x_wconf 84' lang='lat' dir='ltr'>‘die</span> 
     </span>
     <span class='ocr_line' id='line_1_28' title="bbox 133 2980 1413 3071; baseline -0.004 -21"><span class='ocrx_word' id='word_1_277' title='bbox 133 2984 227 3050; x_wconf 88' lang='lat' dir='ltr'>nicht</span> <span class='ocrx_word' id='word_1_278' title='bbox 261 2980 526 3048; x_wconf 88' lang='lat' dir='ltr'>unbedenkhche</span> <span class='ocrx_word' id='word_1_279' title='bbox 561 2982 759 3065; x_wconf 76' lang='lat' dir='ltr'>Ergaimung</span> <span class='ocrx_word' id='word_1_280' title='bbox 793 2986 860 3047; x_wconf 84' lang='grc' dir='ltr'><strong><em>τίνα</em></strong></span> <span class='ocrx_word' id='word_1_281' title='bbox 886 2982 889 3071; x_wconf 71' lang='lat' dir='ltr'>l</span> <span class='ocrx_word' id='word_1_282' title='bbox 915 2980 1002 3071; x_wconf 78' lang='grc' dir='ltr'>[ἔστ’]</span> <span class='ocrx_word' id='word_1_283' title='bbox 1036 2983 1082 3048; x_wconf 90' lang='lat' dir='ltr'>ist</span> <span class='ocrx_word' id='word_1_284' title='bbox 1115 2985 1168 3048; x_wconf 92' lang='lat' dir='ltr'>ein</span> <span class='ocrx_word' id='word_1_285' title='bbox 1203 2980 1413 3066; x_wconf 82' lang='lat' dir='ltr'>Notbeheli’;</span> 
     </span>
     <span class='ocr_line' id='line_1_29' title="bbox 133 3078 1413 3168; baseline -0.002 -21"><span class='ocrx_word' id='word_1_286' title='bbox 133 3080 222 3168; x_wconf 91' lang='lat' dir='ltr'>quod</span> <span class='ocrx_word' id='word_1_287' title='bbox 247 3083 361 3146; x_wconf 88' lang='lat' dir='ltr'>tamen</span> <span class='ocrx_word' id='word_1_288' title='bbox 392 3081 661 3165; x_wconf 89' lang='lat' dir='ltr'>supplementum</span> <span class='ocrx_word' id='word_1_289' title='bbox 695 3082 742 3145; x_wconf 92' lang='lat' dir='ltr'>eis</span> <span class='ocrx_word' id='word_1_290' title='bbox 771 3101 856 3165; x_wconf 91' lang='lat' dir='ltr'>quae</span> <span class='ocrx_word' id='word_1_291' title='bbox 887 3079 985 3146; x_wconf 94' lang='lat' dir='ltr'>modo</span> <span class='ocrx_word' id='word_1_292' title='bbox 1014 3082 1283 3146; x_wconf 89' lang='lat' dir='ltr'>enumerauimus</span> <span class='ocrx_word' id='word_1_293' title='bbox 1306 3078 1413 3145; x_wconf 90' lang='lat' dir='ltr'>multo</span> 
     </span>
     <span class='ocr_line' id='line_1_30' title="bbox 132 3176 1414 3264; baseline -0.002 -20"><span class='ocrx_word' id='word_1_294' title='bbox 132 3178 268 3245; x_wconf 89' lang='lat' dir='ltr'>uidetur</span> <span class='ocrx_word' id='word_1_295' title='bbox 294 3177 556 3264; x_wconf 85' lang='lat' dir='ltr'>praeferendum.</span> <span class='ocrx_word' id='word_1_296' title='bbox 602 3176 688 3242; x_wconf 90' lang='lat' dir='ltr'>Nam</span> <span class='ocrx_word' id='word_1_297' title='bbox 715 3177 851 3243; x_wconf 88' lang='lat' dir='ltr'>tolletur</span> <span class='ocrx_word' id='word_1_298' title='bbox 875 3199 961 3262; x_wconf 91' lang='lat' dir='ltr'>quae</span> <span class='ocrx_word' id='word_1_299' title='bbox 986 3177 1124 3260; x_wconf 85' lang='lat' dir='ltr'>Georgio</span> <span class='ocrx_word' id='word_1_300' title='bbox 1148 3176 1267 3242; x_wconf 89' lang='lat' dir='ltr'>Kaihel</span> <span class='ocrx_word' id='word_1_301' title='bbox 1289 3178 1414 3242; x_wconf 87' lang='lat' dir='ltr'>iniecta</span> 
     </span>
     <span class='ocr_line' id='line_1_31' title="bbox 135 3274 1413 3361; baseline -0.004 -18"><span class='ocrx_word' id='word_1_302' title='bbox 135 3280 207 3343; x_wconf 88' lang='lat' dir='ltr'>erat</span> <span class='ocrx_word' id='word_1_303' title='bbox 232 3276 397 3342; x_wconf 87' lang='lat' dir='ltr'>dubitatio</span> <span class='ocrx_word' id='word_1_304' title='bbox 427 3296 501 3341; x_wconf 89' lang='lat' dir='ltr'>oum</span> <span class='ocrx_word' id='word_1_305' title='bbox 525 3275 763 3340; x_wconf 82' lang='lat' dir='ltr'>contulerimus</span> <span class='ocrx_word' id='word_1_306' title='bbox 788 3296 844 3339; x_wconf 94' lang='lat' dir='ltr'>eos</span> <span class='ocrx_word' id='word_1_307' title='bbox 868 3274 968 3356; x_wconf 84' lang='lat' dir='ltr'>locos,</span> <span class='ocrx_word' id='word_1_308' title='bbox 993 3275 1114 3361; x_wconf 90' lang='lat' dir='ltr'>quibus</span> <span class='ocrx_word' id='word_1_309' title='bbox 1139 3274 1307 3340; x_wconf 91' lang='lat' dir='ltr'>simillima</span> <span class='ocrx_word' id='word_1_310' title='bbox 1328 3275 1413 3339; x_wconf 91' lang='lat' dir='ltr'>rati-</span> 
     </span>
     <span class='ocr_line' id='line_1_32' title="bbox 135 3372 1414 3459; baseline -0.003 -18"><span class='ocrx_word' id='word_1_311' title='bbox 135 3395 197 3442; x_wconf 91' lang='lat' dir='ltr'>one</span> <span class='ocrx_word' id='word_1_312' title='bbox 230 3373 369 3439; x_wconf 90' lang='lat' dir='ltr'>uerbum</span> <span class='ocrx_word' id='word_1_313' title='bbox 393 3376 455 3438; x_wconf 79' lang='grc' dir='ltr'><strong><em>ἐστι</em></strong></span> <span class='ocrx_word' id='word_1_314' title='bbox 485 3375 640 3459; x_wconf 88' lang='lat' dir='ltr'>quamuis</span> <span class='ocrx_word' id='word_1_315' title='bbox 664 3392 731 3438; x_wconf 91' lang='lat' dir='ltr'>non</span> <span class='ocrx_word' id='word_1_316' title='bbox 760 3373 824 3438; x_wconf 92' lang='lat' dir='ltr'>nisi</span> <span class='ocrx_word' id='word_1_317' title='bbox 847 3372 984 3459; x_wconf 88' lang='lat' dir='ltr'>copulae</span> <span class='ocrx_word' id='word_1_318' title='bbox 1010 3393 1110 3458; x_wconf 89' lang='lat' dir='ltr'>quam</span> <span class='ocrx_word' id='word_1_319' title='bbox 1134 3376 1259 3439; x_wconf 91' lang='lat' dir='ltr'>uocant</span> <span class='ocrx_word' id='word_1_320' title='bbox 1288 3373 1414 3438; x_wconf 88' lang='lat' dir='ltr'>habeat</span> 
     </span>
     <span class='ocr_line' id='line_1_33' title="bbox 133 3469 1045 3558; baseline -0.003 -19"><span class='ocrx_word' id='word_1_321' title='bbox 133 3474 204 3539; x_wconf 88' lang='lat' dir='ltr'>uim</span> <span class='ocrx_word' id='word_1_322' title='bbox 226 3470 348 3554; x_wconf 85' lang='lat' dir='ltr'>legitur</span> <span class='ocrx_word' id='word_1_323' title='bbox 370 3471 405 3536; x_wconf 92' lang='lat' dir='ltr'>in</span> <span class='ocrx_word' id='word_1_324' title='bbox 428 3471 532 3558; x_wconf 91' lang='lat' dir='ltr'>primo</span> <span class='ocrx_word' id='word_1_325' title='bbox 556 3492 715 3536; x_wconf 90' lang='lat' dir='ltr'>uersuum</span> <span class='ocrx_word' id='word_1_326' title='bbox 738 3469 821 3557; x_wconf 90' lang='lat' dir='ltr'>pede</span> <span class='ocrx_word' id='word_1_327' title='bbox 846 3471 1045 3538; x_wconf 84' lang='lat' dir='ltr'>collocatum</span> 
     </span>
    </p>

    <p class='ocr_par' dir='ltr' id='par_1_6' title="bbox 134 3568 1254 3655">
     <span class='ocr_line' id='line_1_34' title="bbox 134 3568 1254 3655; baseline -0.002 -20"><span class='ocrx_word' id='word_1_328' title='bbox 134 3569 298 3637; x_wconf 83' lang='lat' dir='ltr'>Anaxilas</span> <span class='ocrx_word' id='word_1_329' title='bbox 320 3569 360 3635; x_wconf 88' lang='lat' dir='ltr'>fr.</span> <span class='ocrx_word' id='word_1_330' title='bbox 376 3570 428 3648; x_wconf 79' lang='grc'>22,</span> <span class='ocrx_word' id='word_1_331' title='bbox 437 3570 479 3636; x_wconf 89' lang='grc'>30</span> <span class='ocrx_word' id='word_1_332' title='bbox 489 3570 527 3634; x_wconf 91' lang='grc' dir='ltr'>Κ.</span> <span class='ocrx_word' id='word_1_333' title='bbox 552 3568 678 3633; x_wconf 78' lang='lat' dir='ltr'>OAFH</span> <span class='ocrx_word' id='word_1_334' title='bbox 702 3592 731 3655; x_wconf 94' lang='lat' dir='ltr'>p.</span> <span class='ocrx_word' id='word_1_335' title='bbox 748 3570 814 3634; x_wconf 82' lang='grc'>270</span> <span class='ocrx_word' id='word_1_336' title='bbox 852 3573 1051 3654; x_wconf 86' lang='grc' dir='ltr'><strong><em>σοντέμνοντι</em></strong></span> <span class='ocrx_word' id='word_1_337' title='bbox 1075 3572 1106 3634; x_wconf 84' lang='grc' dir='ltr'>δ’</span> <span class='ocrx_word' id='word_1_338' title='bbox 1122 3571 1197 3634; x_wconf 82' lang='grc' dir='ltr'><strong><em>οὐδὲ</em></strong></span> <span class='ocrx_word' id='word_1_339' title='bbox 1220 3572 1254 3634; x_wconf 83' lang='grc' dir='ltr'>ἕν</span> 
     </span>
    </p>

    <p class='ocr_par' dir='ltr' id='par_1_7' title="bbox 136 3670 1412 3852">
     <span class='ocr_line' id='line_1_35' title="bbox 449 3670 1253 3752; baseline -0.002 -20"><span class='ocrx_word' id='word_1_340' title='bbox 449 3670 519 3732; x_wconf 73' lang='grc' dir='ltr'><strong><em>ἐσθ’</em></strong></span> <span class='ocrx_word' id='word_1_341' title='bbox 544 3670 666 3750; x_wconf 83' lang='grc' dir='ltr'><em>ἑταίρας</em></span> <span class='ocrx_word' id='word_1_342' title='bbox 689 3670 809 3752; x_wconf 87' lang='grc' dir='ltr'><strong><em>ὅσαπερ</em></strong></span> <span class='ocrx_word' id='word_1_343' title='bbox 833 3672 895 3733; x_wconf 82' lang='grc' dir='ltr'><strong><em>ἔστι</em></strong></span> <span class='ocrx_word' id='word_1_344' title='bbox 915 3670 1010 3751; x_wconf 74' lang='grc' dir='ltr'><em>θηρί’</em></span> <span class='ocrx_word' id='word_1_345' title='bbox 1035 3670 1253 3751; x_wconf 76' lang='grc' dir='ltr'>ἐξωλέστερον.</span> 
     </span>
     <span class='ocr_line' id='line_1_36' title="bbox 136 3764 1412 3852; baseline -0.002 -22"><span class='ocrx_word' id='word_1_346' title='bbox 136 3765 298 3852; x_wconf 86' lang='lat' dir='ltr'>Anaxipp.</span> <span class='ocrx_word' id='word_1_347' title='bbox 314 3764 352 3830; x_wconf 84' lang='lat' dir='ltr'>fr.</span> <span class='ocrx_word' id='word_1_348' title='bbox 370 3767 399 3846; x_wconf 85' lang='lat'>1,</span> <span class='ocrx_word' id='word_1_349' title='bbox 414 3765 456 3831; x_wconf 82' lang='lat'>39</span> <span class='ocrx_word' id='word_1_350' title='bbox 466 3765 504 3830; x_wconf 87' lang='lat' dir='ltr'>K.</span> <span class='ocrx_word' id='word_1_351' title='bbox 522 3765 603 3831; x_wconf 75' lang='lat' dir='ltr'>OAF</span> <span class='ocrx_word' id='word_1_352' title='bbox 618 3765 662 3829; x_wconf 92' lang='lat' dir='ltr'>Ill</span> <span class='ocrx_word' id='word_1_353' title='bbox 685 3786 715 3850; x_wconf 87' lang='lat' dir='ltr'><strong>p.</strong></span> <span class='ocrx_word' id='word_1_354' title='bbox 731 3765 797 3830; x_wconf 82' lang='grc'>297</span> <span class='ocrx_word' id='word_1_355' title='bbox 821 3768 991 3850; x_wconf 79' lang='grc' dir='ltr'>ἀδηφάγον</span> <span class='ocrx_word' id='word_1_356' title='bbox 1008 3767 1043 3830; x_wconf 86' lang='grc' dir='ltr'>τὸ</span> <span class='ocrx_word' id='word_1_357' title='bbox 1060 3770 1157 3841; x_wconf 83' lang='grc' dir='ltr'><strong><em>ζῶιον</em></strong></span> <span class='ocrx_word' id='word_1_358' title='bbox 1172 3769 1216 3836; x_wconf 79' lang='grc' dir='ltr'><strong><em>εἰς</em></strong></span> <span class='ocrx_word' id='word_1_359' title='bbox 1231 3765 1412 3848; x_wconf 79' lang='grc' dir='ltr'><strong><em>ὑπερβολὴν</em></strong></span> 
     </span>
    </p>

    <p class='ocr_par' dir='ltr' id='par_1_8' title="bbox 825 3867 912 3928">
     <span class='ocr_line' id='line_1_37' title="bbox 825 3867 912 3928; baseline 0 -1"><span class='ocrx_word' id='word_1_360' title='bbox 825 3867 912 3928; x_wconf 80' lang='grc' dir='ltr'><strong><em>ἐστιν.</em></strong></span> 
     </span>
    </p>

    <p class='ocr_par' dir='ltr' id='par_1_9' title="bbox 134 3960 1414 4142">
     <span class='ocr_line' id='line_1_38' title="bbox 134 3960 1414 4045; baseline -0.005 -16"><span class='ocrx_word' id='word_1_361' title='bbox 134 3962 221 4029; x_wconf 87' lang='lat' dir='ltr'>Men.</span> <span class='ocrx_word' id='word_1_362' title='bbox 244 3960 283 4026; x_wconf 81' lang='lat' dir='ltr'>fr.</span> <span class='ocrx_word' id='word_1_363' title='bbox 299 3961 374 4044; x_wconf 80' lang='lat'><strong>223,</strong></span> <span class='ocrx_word' id='word_1_364' title='bbox 385 3963 427 4025; x_wconf 81' lang='lat'>12</span> <span class='ocrx_word' id='word_1_365' title='bbox 437 3961 476 4028; x_wconf 92' lang='lat' dir='ltr'><strong>K.</strong></span> <span class='ocrx_word' id='word_1_366' title='bbox 501 3961 582 4027; x_wconf 78' lang='lat' dir='ltr'>OAF</span> <span class='ocrx_word' id='word_1_367' title='bbox 597 3961 641 4026; x_wconf 90' lang='grc' dir='ltr'>ΠΙ</span> <span class='ocrx_word' id='word_1_368' title='bbox 663 3982 693 4045; x_wconf 92' lang='lat' dir='ltr'>p.</span> <span class='ocrx_word' id='word_1_369' title='bbox 711 3960 754 4024; x_wconf 85' lang='grc'>64</span> <span class='ocrx_word' id='word_1_370' title='bbox 777 3963 961 4043; x_wconf 84' lang='grc' dir='ltr'><strong><em>ἀλεκτρυὼν</em></strong></span> <span class='ocrx_word' id='word_1_371' title='bbox 978 3970 1118 4043; x_wconf 78' lang='grc' dir='ltr'><strong><em>γενναῖος</em></strong></span> <span class='ocrx_word' id='word_1_372' title='bbox 1134 3963 1167 4025; x_wconf 80' lang='grc' dir='ltr'>ἓν</span> <span class='ocrx_word' id='word_1_373' title='bbox 1183 3963 1283 4043; x_wconf 81' lang='grc' dir='ltr'><strong><em>ἕτέραι</em></strong></span> <span class='ocrx_word' id='word_1_374' title='bbox 1297 3968 1414 4043; x_wconf 80' lang='grc' dir='ltr'><strong><em>τροφῆι</em></strong></span> 
     </span>
     <span class='ocr_line' id='line_1_39' title="bbox 634 4059 1413 4142; baseline -0.001 -20"><span class='ocrx_word' id='word_1_375' title='bbox 634 4063 722 4133; x_wconf 78' lang='grc' dir='ltr'><strong><em>ἔστιν,</em></strong></span> <span class='ocrx_word' id='word_1_376' title='bbox 747 4061 765 4123; x_wconf 87' lang='grc' dir='ltr'>ὁ</span> <span class='ocrx_word' id='word_1_377' title='bbox 790 4061 818 4123; x_wconf 78' lang='grc' dir='ltr'>δ’</span> <span class='ocrx_word' id='word_1_378' title='bbox 832 4061 965 4142; x_wconf 82' lang='grc' dir='ltr'><strong><em>ἀγεννὴς</em></strong></span> <span class='ocrx_word' id='word_1_379' title='bbox 987 4061 1042 4123; x_wconf 82' lang='grc' dir='ltr'>καὶ</span> <span class='ocrx_word' id='word_1_380' title='bbox 1065 4061 1147 4123; x_wconf 86' lang='grc' dir='ltr'><strong><em>δέδιε</em></strong></span> <span class='ocrx_word' id='word_1_381' title='bbox 1169 4059 1224 4122; x_wconf 86' lang='grc' dir='ltr'>τὸν</span> <span class='ocrx_word' id='word_1_382' title='bbox 1246 4060 1413 4139; x_wconf 81' lang='grc' dir='ltr'><strong><em>κρείττονα.</em></strong></span> 
     </span>
    </p>

    <p class='ocr_par' dir='ltr' id='par_1_10' title="bbox 134 4156 1242 4243">
     <span class='ocr_line' id='line_1_40' title="bbox 134 4156 1242 4243; baseline -0.004 -20"><span class='ocrx_word' id='word_1_383' title='bbox 134 4158 221 4224; x_wconf 88' lang='lat' dir='ltr'>Men.</span> <span class='ocrx_word' id='word_1_384' title='bbox 245 4157 282 4222; x_wconf 83' lang='lat' dir='ltr'>ir.</span> <span class='ocrx_word' id='word_1_385' title='bbox 297 4156 448 4239; x_wconf 81' lang='lat' dir='ltr'><strong>402‚7K.</strong></span> <span class='ocrx_word' id='word_1_386' title='bbox 473 4156 554 4222; x_wconf 80' lang='lat' dir='ltr'>OAF</span> <span class='ocrx_word' id='word_1_387' title='bbox 571 4157 614 4222; x_wconf 89' lang='grc' dir='ltr'>ΠΙ</span> <span class='ocrx_word' id='word_1_388' title='bbox 636 4180 666 4243; x_wconf 92' lang='lat' dir='ltr'>p.</span> <span class='ocrx_word' id='word_1_389' title='bbox 683 4157 747 4222; x_wconf 80' lang='lat'>115</span> <span class='ocrx_word' id='word_1_390' title='bbox 772 4158 825 4220; x_wconf 83' lang='grc' dir='ltr'>καὶ</span> <span class='ocrx_word' id='word_1_391' title='bbox 848 4157 903 4240; x_wconf 82' lang='grc' dir='ltr'>τὴν</span> <span class='ocrx_word' id='word_1_392' title='bbox 927 4159 1004 4239; x_wconf 71' lang='grc' dir='ltr'><strong><em>ὄψιν</em></strong></span> <span class='ocrx_word' id='word_1_393' title='bbox 1026 4160 1066 4239; x_wconf 84' lang='grc' dir='ltr'>ἣν</span> <span class='ocrx_word' id='word_1_394' title='bbox 1090 4158 1242 4239; x_wconf 78' lang='grc' dir='ltr'><strong><em>ἐκτήσατο</em></strong></span> 
     </span>
    </p>

    <p class='ocr_par' dir='ltr' id='par_1_11' title="bbox 506 4254 1244 4339">
     <span class='ocr_line' id='line_1_41' title="bbox 506 4254 1244 4339; baseline -0.003 -19"><span class='ocrx_word' id='word_1_395' title='bbox 506 4258 581 4326; x_wconf 82' lang='grc' dir='ltr'><strong><em>ὄνος</em></strong></span> <span class='ocrx_word' id='word_1_396' title='bbox 605 4258 637 4320; x_wconf 83' lang='grc' dir='ltr'>ἒν</span> <span class='ocrx_word' id='word_1_397' title='bbox 660 4257 812 4339; x_wconf 71' lang='grc' dir='ltr'><strong><em>πιθήκοις</em></strong></span> <span class='ocrx_word' id='word_1_398' title='bbox 834 4263 926 4318; x_wconf 82' lang='grc' dir='ltr'><strong><em>τοῦτο</em></strong></span> <span class='ocrx_word' id='word_1_399' title='bbox 951 4254 990 4338; x_wconf 80' lang='grc' dir='ltr'>δὴ</span> <span class='ocrx_word' id='word_1_400' title='bbox 1015 4254 1244 4336; x_wconf 81' lang='grc' dir='ltr'><strong><em>τὸλεγόμενον</em></strong></span> 
     </span>
    </p>

    <p class='ocr_par' dir='ltr' id='par_1_12' title="bbox 506 4379 594 4418">
     <span class='ocr_line' id='line_1_42' title="bbox 506 4379 594 4418; baseline -0.011 0"><span class='ocrx_word' id='word_1_401' title='bbox 506 4379 594 4418; x_wconf 76' lang='grc' dir='ltr'><em>εσῖλν.</em></span> 
     </span>
    </p>
   </div>
   <div class='ocr_carea' id='block_1_5' title="bbox 245 4510 1415 4584">
    <p class='ocr_par' dir='ltr' id='par_1_13' title="bbox 245 4510 1415 4584">
     <span class='ocr_line' id='line_1_43' title="bbox 245 4510 1415 4584; baseline -0.003 -17"><span class='ocrx_word' id='word_1_402' title='bbox 245 4514 264 4580; x_wconf 71' lang='lat'>¹)</span> <span class='ocrx_word' id='word_1_403' title='bbox 283 4513 379 4567; x_wconf 90' lang='lat' dir='ltr'>Simile</span> <span class='ocrx_word' id='word_1_404' title='bbox 397 4512 501 4584; x_wconf 85' lang='lat' dir='ltr'>aliquid</span> <span class='ocrx_word' id='word_1_405' title='bbox 519 4514 548 4567; x_wconf 92' lang='lat' dir='ltr'>in</span> <span class='ocrx_word' id='word_1_406' title='bbox 561 4513 660 4567; x_wconf 80' lang='lat' dir='ltr'>fabula</span> <span class='ocrx_word' id='word_1_407' title='bbox 673 4512 707 4566; x_wconf 86' lang='lat' dir='ltr'>de</span> <span class='ocrx_word' id='word_1_408' title='bbox 720 4529 777 4584; x_wconf 85' lang='lat' dir='ltr'>qua</span> <span class='ocrx_word' id='word_1_409' title='bbox 789 4512 820 4566; x_wconf 80' lang='grc' dir='ltr'>Τ.</span> <span class='ocrx_word' id='word_1_410' title='bbox 832 4511 955 4566; x_wconf 85' lang='lat' dir='ltr'>Maccius</span> <span class='ocrx_word' id='word_1_411' title='bbox 967 4510 1140 4565; x_wconf 77' lang='lat' dir='ltr'>Aululariam</span> <span class='ocrx_word' id='word_1_412' title='bbox 1159 4511 1296 4581; x_wconf 84' lang='lat' dir='ltr'>expressit</span> <span class='ocrx_word' id='word_1_413' title='bbox 1309 4510 1415 4565; x_wconf 90' lang='lat' dir='ltr'>dictum</span> 
     </span>
    </p>
   </div>
   <div class='ocr_carea' id='block_1_6' title="bbox 133 4589 1220 4726">
    <p class='ocr_par' dir='ltr' id='par_1_14' title="bbox 133 4589 1220 4726">
     <span class='ocr_line' id='line_1_44' title="bbox 133 4589 1035 4662; baseline -0.006 -11"><span class='ocrx_word' id='word_1_414' title='bbox 133 4597 206 4660; x_wconf 79' lang='lat' dir='ltr'>erat,</span> <span class='ocrx_word' id='word_1_415' title='bbox 225 4593 261 4648; x_wconf 80' lang='lat' dir='ltr'>ct.</span> <span class='ocrx_word' id='word_1_416' title='bbox 279 4592 345 4648; x_wconf 85' lang='lat' dir='ltr'>Aul</span> <span class='ocrx_word' id='word_1_417' title='bbox 359 4593 393 4647; x_wconf 84' lang='lat'>14</span> <span class='ocrx_word' id='word_1_418' title='bbox 410 4591 484 4649; x_wconf 88' lang='lat' dir='ltr'>‘cum</span> <span class='ocrx_word' id='word_1_419' title='bbox 502 4593 600 4648; x_wconf 85' lang='lat' dir='ltr'>labore</span> <span class='ocrx_word' id='word_1_420' title='bbox 618 4609 722 4662; x_wconf 82' lang='lat' dir='ltr'>magno</span> <span class='ocrx_word' id='word_1_421' title='bbox 742 4595 772 4646; x_wconf 90' lang='lat' dir='ltr'>et</span> <span class='ocrx_word' id='word_1_422' title='bbox 790 4591 890 4647; x_wconf 88' lang='lat' dir='ltr'>misere</span> <span class='ocrx_word' id='word_1_423' title='bbox 908 4589 1035 4647; x_wconf 81' lang='lat' dir='ltr'>uiueret&#39;.</span> 
     </span>
     <span class='ocr_line' id='line_1_45' title="bbox 179 4661 1220 4726; baseline -0.011 0"><span class='ocrx_word' id='word_1_424' title='bbox 179 4680 348 4726; x_wconf 78' lang='lat' dir='ltr'>Kretschmar.</span> <span class='ocrx_word' id='word_1_425' title='bbox 1202 4661 1220 4715; x_wconf 83' lang='lat'>4</span> 
     </span>
    </p>
   </div>
   <div class='ocr_carea' id='block_1_7' title="bbox 0 0 1554 4956">
    <p class='ocr_par' dir='ltr' id='par_1_15' title="bbox 0 0 1554 4956">
     <span class='ocr_line' id='line_1_46' title="bbox 0 0 1554 4956; baseline 0 0"><span class='ocrx_word' id='word_1_426' title='bbox 0 0 1554 4956; x_wconf 95' lang='lat' dir='ltr'> </span> 
     </span>
    </p>
   </div>
  </div>
 </body>
</html>
