3098 4956
658 249 880 314 ‚30-

128 427 250 495 collato
268 426 427 493 Dniatzko
444 426 464 493 l.
481 447 506 491 s
529 423 559 512 p.
577 427 641 492 505
658 447 704 512 sq.
729 426 944 508 sagacissime
959 425 1107 512 puellam
1130 424 1173 491 ab
1196 424 1402 492 adulescente

128 547 204 592 esse
227 545 451 610 compressam
475 523 674 606 concludit.²)
714 525 825 609 Atque
850 545 892 589 ex
908 522 1024 589 eodem
1047 521 1119 588 loco
1136 523 1162 587 si
1188 523 1324 589 omnino
1339 523 1405 589 fieri

130 625 252 710 potest,
278 622 403 708 aliquid
431 620 473 687 ad
498 620 700 708 supplendos
723 643 779 687 uu.
803 621 890 686 3-4
909 621 1052 686 tortasse
1076 641 1239 686 eruemus
1286 620 1405 688 Adule·

129 725 280 787 scentem
304 721 392 786 enim
420 740 497 785 cum
524 741 556 785 u.
584 719 603 784 3
628 719 718 785 dicat
742 716 792 807 [ἦν
817 722 845 784 δ’
863 722 902 784 οὐ
922 716 1089 807 αονη]ρ[ὸς
1114 716 1194 806 ο]ιἰὂ’
1220 715 1405 807 [ε’]ὂόκοιικῆ

129 833 254 913 ‘neque
289 848 380 893 eram
414 826 523 892 malus
558 847 667 912 neque
701 825 783 891 mihi
816 825 965 891 uidebar’
1001 810 1044 892 sc.
1079 809 1188 892 malus
1223 827 1336 908 esse,⁸)
1371 825 1407 893 de

2 1002 6 1007 ,
129 926 253 991 uitiata
276 925 402 1007 uirgine
427 925 571 1007 cogitare
595 923 666 990 ueri
691 927 743 989 est
767 923 979 989 simillimum.
1026 922 1099 1003 Qua
1123 944 1198 988 cum
1222 925 1408 990 coniectura

131 1025 254 1111 optime
286 1025 473 1106 congruunt
496 1043 582 1108 quae
606 1043 637 1087 u.
658 1022 679 1086 4
703 1025 901 1087 manserunt
927 1020 1085 1106 reliquiae
1109 1024 1128 1086 ὁ
1150 1023 1356 1105 μειρακίσκος
1378 1025 1408 1086 ἐι

128 1125 233 1205 ἁγρῶι
264 1122 394 1186 διετέλει.
449 1119 530 1186 (lum
569 1120 656 1184 enim
692 1119 746 1184 hic
780 1122 986 1204 μειρακίσκος
1021 1119 1078 1204 qui
1115 1122 1273 1202 uocatur,
1315 1139 1409 1205 quem

130 1221 256 1285 amicae
279 1219 415 1283 fratrem
440 1239 512 1284 esse
536 1240 579 1283 ex
602 1239 656 1283 uu.
684 1218 733 1282 18.
750 1218 792 1282 19
825 1220 860 1283 et
890 1217 937 1283 eis
962 1239 1048 1303 quae
1071 1238 1102 1303 p.
1120 1217 1159 1282 21
1195 1216 1409 1283 disseruimus

129 1315 228 1382 facile
251 1316 434 1399 intelleges,
459 1315 526 1380 ruri
548 1319 749 1397 uersaretur,
775 1317 904 1382 occasio
933 1319 1005 1381 erat
1037 1315 1159 1380 amoris
1193 1336 1268 1380 cum
1303 1336 1409 1381 sorore

131 1412 404 1481 communicandi.
457 1414 575 1498 ltaque
606 1416 645 1478 ut
674 1414 762 1479 hanc
793 1413 997 1480 sententiam
1029 1414 1234 1499 exprimeret,
1266 1414 1315 1479 sic
1343 1412 1409 1479 iere

130 1514 263 1599 poterat
287 1513 389 1597 poeta
412 1511 566 1577 scribere:

296 1657 299 1663 ·
344 1628 384 1710 ἦν
409 1629 437 1691 δ’
463 1629 502 1691 οὐ
525 1628 669 1711 πονηρὸς
693 1629 761 1692 οὐδ’
788 1629 925 1692 ἐδόκουν
950 1625 1008 1716 [τῆι
1023 1623 1174 1714 φιλτάτηι]

347 1721 473 1812 [ecculm
498 1721 562 1812 ὅθ’]
588 1727 606 1788 ὁ
628 1727 833 1808 μειρακίσκος
858 1727 891 1790 ἐν
914 1727 1016 1808 ἀγρῶι
1040 1726 1169 1789 διετέλει.

132 1839 266 1930 Etenim
288 1841 345 1924 τὴν
368 1842 517 1924 φιλτάτην
540 1838 634 1904 illum
664 1840 815 1925 potuisse
847 1839 954 1905 dicere
986 1861 1028 1905 ex
1058 1839 1164 1925 ipsius
1194 1839 1294 1906 huius
1325 1840 1411 1923 trag-

132 1939 237 2003 menti
270 1961 302 2003 u.
335 1939 385 2003 15.
421 1937 639 2002 manifestum
673 1941 733 2004 est.
790 1937 860 2003 Nec
893 1958 1012 2002 uocem
1047 1946 1200 2022 συνεῖναι,
1237 1959 1340 2024 quam
1374 1937 1411 2004 de

132 2037 320 2102 amantium
334 2033 574 2101 consuetudine
586 2056 746 2121 usurpare
763 2034 873 2101 solent
887 2035 1001 2120 Attici,
1027 2033 1254 2101 acomoediae
1271 2036 1411 2102 dictione

132 2155 207 2199 esse
240 2132 384 2200 alienam
407 2133 506 2198 testis
538 2136 590 2199 est
613 2133 775 2199 Anaxilas
806 2132 844 2199 fr.
861 2134 904 2198 22
919 2132 959 2198 Κ.
983 2132 1108 2199 GAFII
1136 2154 1165 2219 p.
1182 2133 1258 2217 270,
1291 2135 1348 2220 qui
1374 2133 1411 2200 de

134 2231 362 2297 meretricibus
386 2254 417 2296 u.
434 2231 478 2295 24
500 2231 597 2296 haec:

383 2349 430 2418 ὡς
453 2349 550 2430 ἐρῶσι
573 2348 626 2411 καὶ
649 2349 775 2431 φιλοῦσι
797 2348 851 2411 καὶ
874 2348 1008 2412 σύνεισιν
1032 2349 1145 2430 ἡδέως.

133 2462 284 2549 Denique
302 2462 389 2548 quod
405 2463 439 2527 in
457 2465 549 2528 carta
572 2485 602 2529 u.
620 2464 640 2526 4
664 2465 823 2550 scriptum
847 2461 999 2528 uidemus
1016 2463 1412 2545 ΕΟΜΕΙΡΑΚΙΣΚΟΣ,

135 2582 203 2626 non
234 2562 287 2627 est
317 2565 552 2643 argumentum
583 2582 647 2647 quo
680 2560 949 2647 supplementum
979 2559 1061 2625 illud
1091 2560 1279 2647 repellatur.
1329 2562 1415 2627 Nam

132 2659 268 2744 saepius
278 2656 449 2724 elisionem
458 2679 559 2744 quam
568 2663 692 2725 uocant
700 2657 854 2724 librarius
866 2657 1016 2740 neglexit
1027 2658 1134 2724 ueluti
1146 2680 1177 2724 u.
1191 2661 1211 2724 9
1228 2659 1415 2726 ΘΥΟΝΤΑ

134 2756 300 2821 ΕΝΔΟΝ
311 2756 346 2819 et
368 2777 398 2819 u.
415 2756 459 2820 40
474 2756 722 2822 ΠΑΝΤΑΟΣΑ
746 2755 875 2839 legitur.
912 2757 1021 2837 Quare
1046 2758 1149 2822 etiam
1165 2757 1228 2823 hoc
1251 2757 1324 2823 loco
1349 2778 1415 2823 non

134 2858 188 2918 est
201 2873 258 2917 cur
270 2873 338 2917 non
352 2850 395 2941 [Σ
398 2853 532 2917 ΥΝΩΝ
532 2851 996 2942 ΟΤ]ΕΟΜΕΙΡΑΚΙΣΚΟΣ
1007 2875 1083 2919 eum
1097 2855 1267 2941 scripsisse
1285 2858 1415 2922 statua·

134 2972 218 3016 mus.
243 2950 348 3015 Totus
365 2955 480 3016 autem
495 2951 588 3016 locus
603 2953 642 3016 ut
658 2954 736 3038 apte
753 2973 829 3018 cum
845 2953 893 3018 eis
906 2973 992 3039 quae
1009 2956 1196 3038 sequuntur
1212 2955 1414 3036 conectatur,

134 3046 203 3138 [νῦν
229 3051 257 3114 δ’
282 3046 381 3137 ἔτυχε]
411 3049 500 3136 quod
530 3050 699 3136 suppleuit
725 3050 885 3116 Dziatzko
916 3051 1109 3136 recepimus.
1154 3051 1318 3117 Attamen
1348 3072 1416 3117 una

134 3149 243 3212 restat
259 3146 451 3214 difficultas:
475 3148 634 3214 Dniatako
652 3149 741 3214 enim
755 3171 785 3236 p.
802 3149 865 3214 507
884 3147 975 3214 dicit:
999 3148 1094 3213 ‘Sein
1111 3152 1164 3230 (sc.
1181 3148 1415 3232 adulescentis)

134 3243 242 3311 Name
265 3246 396 3311 kommt
422 3247 456 3312 in
481 3245 576 3312 SclI
606 3247 699 3312 nicht
729 3267 789 3312 vor
820 3247 890 3312 und
920 3246 1048 3312 konnte
1079 3245 1164 3312 doch
1196 3247 1283 3312 auch
1314 3245 1417 3312 durch

134 3344 202 3409 den
224 3343 382 3427 Jiingling
405 3344 512 3410 selbst
533 3344 627 3411 nicht
649 3346 711 3428 gut
734 3345 798 3410 den
822 3344 1035 3410 Zuschauern
1065 3343 1243 3427 mitgeteilt
1271 3343 1416 3410 werden.

136 3441 380 3525 Ebensowenig
403 3464 476 3508 war
499 3463 533 3508 er
557 3442 608 3507 die
629 3443 802 3524 geeignete
818 3442 953 3524 Person,
977 3463 1035 3507 um
1051 3441 1117 3508 den
1134 3440 1417 3508 entscheidenden

136 3538 275 3620 Vorfall,
312 3538 363 3604 die
398 3539 593 3621 Entehrung
628 3537 687 3604 des
721 3539 917 3622 Madchens,
954 3538 1006 3604 die
1041 3538 1325 3624 Geheimhaltung
1360 3539 1417 3606 des

136 3636 304 3702 Zustands
320 3636 389 3702 und
406 3658 478 3703 was
495 3638 590 3701 sonst
606 3634 712 3702 damit
727 3638 1037 3720 zusammenhangt,
1056 3638 1162 3703 selbst
1176 3640 1416 3722 vornutragen?

137 3735 184 3800 At
211 3738 390 3821 utrumque
422 3738 655 3816 argumentum
686 3755 755 3800 non
784 3735 927 3800 multum
959 3735 1053 3801 ualet
1084 3738 1119 3801 et
1149 3736 1324 3822 expeditur
1353 3757 1416 3818 ree,

246 3985 264 4053 ¹)
285 3983 320 4037 cf.
341 3999 411 4037 com.
430 3983 483 4037 inc.
502 3982 536 4037 fr.
549 3982 602 4037 297
614 3983 648 4038 K.
669 3983 737 4037 cnr
749 3984 786 4038 ΙΙΙ
805 4001 831 4054 p.
845 3983 898 4038 462

404 4060 547 4131 Πάμφιλος
563 4064 656 4133 γαμεῖ;
673 4065 796 4133 γαμείτω,
814 4067 859 4115 καὶ
877 4061 927 4135 γὰρ
945 4059 1046 4130 ἠδίκησ’
1070 4061 1126 4132 ἐμέ,

138 4144 185 4198 ubi
207 4144 311 4199 rectius
335 4159 419 4215 quam
436 4144 516 4198 Kock
535 4144 552 4198 l.
566 4160 587 4198 s.
606 4141 710 4212 ἠδίκησέ
724 4163 758 4212 με
779 4145 920 4199 Dniatzko
939 4145 994 4200 Rh.
1008 4145 1043 4199 M.
1057 4143 1099 4210 31,
1116 4143 1184 4198 1876
1202 4162 1230 4215 p.
1243 4144 1296 4200 373
1320 4144 1420 4200 distin-

138 4225 282 4292 guendum
308 4226 405 4278 censet
422 4221 526 4290 ἠδίκησ’
557 4221 613 4293 ἐμὲ.
660 4225 729 4279 Cum
757 4225 831 4279 enim
857 4223 1022 4295 Pamphilus
1052 4224 1099 4278 ille
1129 4225 1248 4280 alteram
1276 4224 1419 4297 quandam

137 4304 274 4358 ducturus
292 4303 337 4370 sit,
359 4320 422 4359 eam
440 4321 512 4377 quac
530 4305 654 4376 loquitur
673 4304 876 4374 compresserit,
903 4321 959 4375 quo
984 4305 1075 4374 magis
1101 4304 1222 4363 dilucide
1247 4305 1317 4360 haec
1336 4305 1420 4360 alteri

136 4387 305 4455 opponatur,
325 4385 521 4439 uehementior
538 4384 632 4440 forma
649 4381 698 4452 ἐμέ
716 4384 901 4455 praeferenda
919 4386 972 4441 est.

245 4466 265 4535 ⁹)
284 4466 320 4521 ci.
339 4483 365 4536 p.
379 4466 397 4520 6
414 4482 478 4536 app.
492 4465 553 4520 crit.

246 4548 265 4615 ³)
284 4547 377 4602 Facile
396 4546 470 4600 enim
489 4561 524 4599 cx
541 4538 574 4610 ἦν
591 4544 759 4599 subauditur
777 4541 852 4599 εἶναι.
